@article{xu2014alternating,
  title={Alternating direction implicit Galerkin finite element method for the two-dimensional time fractional evolution equation},
  author={Xu, D.},
  journal={Numer. Math.: Theor., Meth., Appl.},
  volume={7},
  number={01},
  pages={41--57},
  year={2014},
  publisher={Cambridge Univ Press}
}

@article{gao2015three,
  title={Three-point combined compact alternating direction implicit difference schemes for two-dimensional time-fractional advection-diffusion equations},
  author={Gao, G. and Sun, H.},
  journal={Commun. Comput. Phy.},
  volume={17},
  number={02},
  pages={487--509},
  year={2015},
  publisher={Cambridge Univ Press}
}


@article{wang2003positivity,
  title={Positivity property of second-order flux-splitting schemes for the compressible Euler equations},
  author={Wang, C. and Liu, J.},
  journal={Discrete Contin. Dyn. Syst. Ser. B},
  volume={3},
  number={2},
  pages={201--228},
  year={2003},
  publisher={AIMS PRESS}
}

@article{shu1992numerical,
  title={A numerical method for systems of conservation laws of mixed type admitting hyperbolic flux splitting},
  author={Shu, C.},
  journal={J. Comput. Phys.},
  volume={100},
  number={2},
  pages={424--429},
  year={1992},
  publisher={Elsevier}
}

@article{zhao:2003,
author = {Tsai, R. and Cheng, L. and Osher, S. and Zhao, H.},
title = {Fast Sweeping Algorithms for a Class of Hamilton-Jacobi Equations},
journal = {SIAM J. Numer. Anal.},
volume = {41},
number = {2},
pages = {673-694},
year = {2003}
}

@article{Neel:2007jgba,
author = {N{\'e}el, M. C. and Abdennadher, A. and Joelson, M.},
title = {Fractional Fick's law: the direct way},
journal = {J. Phys A: Math Theor},
year = {2007},
volume = {40},
number = {29},
pages = {8299--8314}
}

@article{Karniadakis:2013coba,
author = {Zayernouri, M. and Karniadakis, G.E.},
title = {Fractional Sturm-Liouville eigen-problems: Theory and numerical approximation},
journal = {J. Comput. Phys.},
year = {2013},
volume = {252},
number = {C},
pages = {495--517}
}

@article{Zhao:2015gfba,
author = {Zhao, X. and Sun, Z. and Karniadakis, G.E.},
title = {Second-order approximations for variable order fractional derivatives: Algorithms and applications},
journal = {J. Comput. Phys.},
year = {2015},
volume = {293},
number = {C},
pages = {184--200},
}

@article{Agrawal:2002hvba,
author = {Agrawal, O.P.},
title = {Solution for a fractional diffusion-wave equation defined in a bounded domain},
journal = {Nonlinear Dynam.},
year = {2002},
volume = {29},
number = {1--4},
pages = {145--155}
}

@article{Paradisi:2001beba,
author = {Paradisi, P. and Cesari, R. and Mainardi, F. and Tampieri, F.},
title = {The fractional Fick's law for non-local transport processes},
journal = {Phys. A},
year = {2001},
volume = {293},
number = {1--2},
pages = {130--142}
}

@article{ValerioCosta2011,
author = {Va\'elrio, D. and Da Costa, J. S.},
title = {Variable-order fractional derivatives and their numerical approximations},
journal = {Signal Process.},
year = {2011},
volume = {91},
number = {3},
pages = {470--483}
}

@article{FGASH,
author = {Lu, J. and Zhou, Z.},
title = {Frozen {G}aussian approximation with surface hopping for mixed quantum-classical dynamics: {A} mathematical justification of fewest switches surface hopping algorithms},
journal = {arXiv:1602.06459}
}

@article{Caputo,
author = {Caputo, M.},
title = {Diffusion of fluids in porous media with memory},
journal = {Geothermics},
year = {1999},
volume = {28},
number = {1},
pages = {113--130}
}



@article{Plasma1,
author = {del-Castillo-Negrete, D. and Carreras, B.A. and Lynch, V.E.},
title = {Fractional diffusion in plasma turbulence},
journal = {Phys. Plasmas},
year = {2004},
volume = {11},
number = {8},
pages = {3854--3864}
}

@article{Plasma2,
author = {del-Castillo-Negrete, D. and Carreras, B.A. and Lynch, V.E.},
title = {Nondiffusive transport in plasma turbulence: a fractional diffusion approach},
journal = {Phys. Rev. Lett.},
year = {2005},
volume = {94},
number = {6},
pages = {065003}
}

@article{MeltzlerKlafter,
author =       "Metzler, R. and Klafter, J.",
title =        {The random walk's guide to anomalous diffusion: a fractional dynamics approach},
journal =      "Phys. Rep.",
year =         "2000",
volume =       "229",
number =       "1",
pages =        "1--77",
}

@Article{Zaslavsky,
  author =       "Zaslavsky, G.M",
  title =        {Chaos, fractional kinetics, and anomalous transport},
  journal =      "Phys. Rep.",
  year =         "2002",
  volume =       "371",
  number =       "6",
  pages =        "461--580",
}

@Article{Caffarelli,
  author =       "Allen, M. and Caffarelli, L. and Vasseur, A.",
  title =        {Porous Medium Flow with both a Fractional Potential Pressure and Fractional Time Derivative},
  journal =      "arXiv preprint",
  year =         "2015",
  volume =       "",
  number =       "",
  pages =        "",
  annote =       "arXiv:1509.06325",
}

@Article{CLAT1,
  author =       "Chen, C.M. and Liu, F. and Anh, V. and Turner, I.",
  title =        {Numerical schemes with high spatial accuracy for a variable-order anomalous subdiffusion equation},
  journal =      "SIAM J. Sci. Comput.",
  year =         "2010",
  volume =       "32",
  number =       "4",
  pages =        "1740--1760",
}

@article{Xu:2013jjba,
author = {Cao, J. and Xu, C.},
title = {A high order schema for the numerical solution of the fractional ordinary differential equations},
journal = {J. of Comput. Phys.},
year = {2013},
volume = {238},
number = {C},
pages = {154--168}
}

@article{Xu:2007eaba,
author = {Lin, Y. and Xu, C.},
title = {Finite difference/spectral approximations for the time-fractional diffusion equation},
journal = {J. Comput. Phys.},
year = {2007}
}

@article{LZATB,
author = {Liu, F. and Zhuang, P. and Anh, V. and Turner, I. and Burrage, K.},
title = {Stability and convergence of the difference methods for the space-time fractional advection-diffusion equation},
journal = {Appl. Math. Comput.},
year = {2007},
volume = {191},
number = {1},
pages = {12--20}
}

@article{ZLPM,
  author =       "Zhang, H. and Liu, F. and Phanikumar, M. S. and Meerschaert, M. M.",
  title =        {A novel numerical method for the time variable fractional order mobile-immobile advection-dispersion model},
  journal =      " Comput.  Math.  Appl.",
  year =         "2013",
  volume =       "66",
  number =       "5",
  pages =        "693--701"
}

@article{Langlands2005719,
title = "The accuracy and stability of an implicit solution method for the fractional diffusion equation",
journal = "J. Comput. Phys.",
volume = "205",
number = "2",
pages = "719 - 736",
year = "2005",
note = "",
issn = "0021-9991",
doi = "http://dx.doi.org/10.1016/j.jcp.2004.11.025",
url = "http://www.sciencedirect.com/science/article/pii/S0021999104004887",
author = "T.A.M. Langlands and B.I. Henry",
keywords = "Fractional diffusion equation",
keywords = "von Neumann stability analysis",
keywords = "Anomalous diffusion "
}
@article{SUN2006193,
title = "A fully discrete difference scheme for a diffusion-wave system",
journal = "Appl. Numer. Math.",
volume = "56",
number = "2",
pages = "193--209",
year = "2006",
note = "",
issn = "0168-9274",
doi = "http://dx.doi.org/10.1016/j.apnum.2005.03.003",
url = "http://www.sciencedirect.com/science/article/pii/S0168927405000668",
author = "Z. Sun and X. Wu",
keywords = "Diffusion-wave system",
keywords = "Finite difference",
keywords = "Convergence",
keywords = "Solvability",
keywords = "Stability"
}
@article{Lin2007856,
title = "Fractional high order methods for the nonlinear fractional ordinary differential equation",
journal = "Nonlinear Anal.",
volume = "66",
number = "4",
pages = "856--869",
year = "2007",
note = "",
issn = "0362-546X",
doi = "http://dx.doi.org/10.1016/j.na.2005.12.027",
url = "http://www.sciencedirect.com/science/article/pii/S0362546X05010503",
author = "R. Lin and F. Liu",
keywords = "Fractional high order methods",
keywords = "Nonlinear fractional order",
keywords = "Consistence",
keywords = "Convergence",
keywords = "Stability "
}
@article{Kumar20062602,
title = "An approximate method for numerical solution of fractional differential equations",
journal = "Signal Process.",
volume = "86",
number = "10",
pages = "2602--2610",
year = "2006",
note = "Special Section: Fractional Calculus Applications in Signals and Systems",
issn = "0165-1684",
doi = "http://dx.doi.org/10.1016/j.sigpro.2006.02.007",
url = "http://www.sciencedirect.com/science/article/pii/S0165168406000466",
author = "P. Kumar and O.P. Agrawal",
keywords = "Fractional differential equation",
keywords = "Caputo derivative",
keywords = "Fractional-order system "
}

@article{Cao2013154,
title = "A high order schema for the numerical solution of the fractional ordinary differential equations ",
journal = "J. of Comput. Phys.",
volume = "238",
number = "",
pages = "154--168",
year = "2013",
note = "",
issn = "0021-9991",
doi = "http://dx.doi.org/10.1016/j.jcp.2012.12.013",
url = "http://www.sciencedirect.com/science/article/pii/S0021999112007449",
author = "J. Cao and C. Xu",
keywords = "Fractional ordinary differential equations",
keywords = "High order schema",
keywords = "Stability and convergence analysis "
}


@article{NÃ©el:2007jgba,
author = {N{\'e}el, M~C and Abdennadher, A and Joelson, M},
title = {Fractional Fick's law: the direct way},
journal = {J Phys A: Math Theor},
year = {2007},
volume = {40},
number = {29},
pages = {8299--8314},
}

@Article{LvXu,
  author =       "Lv, C. and Xu, C.",
  title =        { Improved error estimates of a finite difference/spectral method for time-fractional diffusion equations},
  journal =      " Int. J. Numer. Anal. Mod",
  year =         "2015",
  volume =       "12",
  number =       "2",
  pages =        "384--400",
  annote =       "",
}
