@book{LeVeque,
author = {R.J. LeVeque},
title = {Finite Volume Methods for Hyperbolic Problems},
publisher = {Cambridge University Press},
date = {2002}
}

@inproceedings{Jin:2009pro,
author = {S. Jin},
title = {Numerical methods for hyperbolic systems with singular coefficients: well-balanced scheme, Hamiltonian preservation and beyond},
booktitle = {Proceedings of Symposia in Applied Mathematics},
series = {Proc. of the 12th International Conference on Hyperbolic Problems: Theory, Numerics, Applications, Univeristy of Maryland, College Park},
volume = {67},
number = {1},
pages = {93-104},
date = {2009},
publisher = {American Mathematical Society},
}

@book{GS,
author = {R. G. Ghanem and P. D. Spanos},
title = {Stochastic Finite Elements: A Spectral Approach},
publisher = {Springer Verlag},
date = {1991},
address = {New York},
}

@article{GWZ,
author = {M. D. Gunzburger and C. G. Webster and G. Zhang},
title = {Stochastic finite element method for partial differential equations with random input data},
journal = {Acta Numer.},
volume = {23},
pages = {521-650},
date = {2014},
}

@book{LMK,
author = {O.P. Le Maitre and O.M. Knio},
title = {Spectral Methods for Uncertainty Quantification}, 
series = {Scientific Computation, with Applications to Computational Fluid Dynamics},
publisher = {Springer},
address = {New York},
date = {2010},
}

@book{PIN,
author = {M.P. Pettersson and G. Iaccarino and J. Nordstr\"om}, 
title = {Polynomial Chaos Methods for Hyperbolic Differential Equations},
publisher = {Springer},
address = {Switzerland},
date = {2015},
}

@article{Motamed:2012gsba,
author = {M. Motamed and F. Nobile and R. Tempone},
title = {A stochastic collocation method for the second order wave equation with a discontinuous random speed},
journal = {Numer. Math},
volume = {123},
date = {2012},
pages = {493-536},
}

@article{JinWen-wave,
author = {S. Jin and X. Wen},
title = {Hamiltonian-preserving schemes for the Liouville equation of geometrical optics with partial transmissions and reflections},
journal = {SIAM J. Num. Anal.},
volume = {44},
pages = {1801--1828},
date = {2006},
}

@article{Babuška:2007kvba,
author = {Babu{\v s}ka, Ivo and Nobile, Fabio and Tempone, Ra{\'u}l},
title = {{A Stochastic Collocation Method for Elliptic Partial Differential Equations with Random Input Data}},
journal = {SIAM J Numer Anal},
year = {2007},
volume = {45},
number = {3},
pages = {1005--1034},
}

@article{Zheng:2015deba,
author = {Zheng, Mengdi and Rozovsky, Boris and Karniadakis, George E},
title = {{Adaptive Wick--Malliavin Approximation to Nonlinear SPDEs with Discrete Random Variables}},
journal = {SIAM J Sci Comput},
year = {2015},
volume = {37},
number = {4},
pages = {A1872--A1890},
}

@article{GX,
author = {D. Gottlieb and D. Xiu},
title = {Galerkin method for wave equations with uncertain coefficients},
journal = {Comm. Comp. Phys.},
volume = {3},
pages = {505-518},
date = {2008},
}

@incollection{Des,
author = {B. Despres and G. Poette and D. Lucor},
title = {Robust uncertainty propagation in systems of conservation laws with the entropy closure method in Uncertainty Quantication in Computational Fluid Dynamics},
volume = {92},
series = {Lect. Notes Comput. Sci. Eng.},
pages = {105-149},
publisher = {Springer},
address = {Heidelberg},
date = {2013},
}

@article{Quarteroni:1982bmba,
author = {Canuto, C and Quarteroni, A},
title = {{Approximation results for orthogonal polynomials in Sobolev spaces}},
journal = {Mathematics of Computation},
year = {1982},
volume = {38},
number = {157},
pages = {67--86}
}

@article{HJX,
author = {J. Hu and S. Jin and D. Xiu},
title = {A stochastic Galerkin method for Hamilton-Jacobi equations with uncertainty},
journal = {SIAM J. Sci. Comput.},
volume = {37},
pages = {A2246--A2269},
date = {2015},
}

@article{Jin:2014ugba,
author = {Jin, S and XIU, D and ZHU, X},
title = {{Asymptotic-preserving methods for hyperbolic and transport equations with random inputs and diffusive scalings}},
journal = {preprint},
year = {2014}
}

@article{Tang:2012ibba,
author = {Zhou, Tao and Tang, Tao},
title = {{Convergence Analysis for Spectral Approximation to a Scalar Transport Equation with a Random Wave Speed}},
journal = {Journal of Computational Mathematics},
year = {2012},
volume = {30},
number = {6},
pages = {643--656},
}

@article{Zhou:2010gwba,
author = {Tang, Tao and Zhou, Tao},
title = {{Convergence Analysis for Stochastic Collocation Methods to Scalar Hyperbolic Equations with a Random Wave Speed}},
journal = {Communications in Computational Physics},
year = {2010}
}

@article{XIU:2009imba,
author = {XIU, D},
title = {{Fast numerical methods for stochastic computations: a review}},
journal = {CiCP},
year = {2009}
}

@article{Hesthaven:2005iaba,
author = {Xiu, Dongbin and Hesthaven, Jan S},
title = {{High-Order Collocation Methods for Differential Equations with Random Inputs}},
journal = {SIAM J. Sci. Comput.},
year = {2005},
volume = {27},
number = {3},
pages = {1118--1139},
}

@article{Tryoen:2010djba,
author = {Tryoen, J and Le Ma{\^\i}tre, O and Ndjinga, M and Ern, A},
title = {{Intrusive Galerkin methods with upwinding for uncertain nonlinear hyperbolic systems}},
journal = {J. Comput. Phys.},
year = {2010},
volume = {229},
number = {18},
pages = {6485--6511},
}

@article{Maı̂tre:2004ctba,
author = {Le Ma{\i}{\^}tre, O~P and Najm, H~N and Ghanem, R~G and Knio, O~M},
title = {{Multi-resolution analysis of Wiener-type uncertainty propagation schemes}},
journal = {J. Comput. Phys.},
year = {2004},
volume = {197},
number = {2},
pages = {502--531},
}

@article{Maître:2007iwba,
author = {Le Ma{\^\i}tre, O P and Najm, H N and P{\'e}bay, P P and Ghanem, R G and Knio, O M},
title = {{Multi‐Resolution‐Analysis Scheme for Uncertainty Quantification in Chemical Systems}},
journal = {SIAM. J. Sci. Comput.},
year = {2007},
}

@book{Xiu:2010wxba,
author = {Xiu, Dongbin},
title = {Numerical Methods for Stochastic Computations},
publisher = {Princeton University Press},
year = {2010},
}

@article{Zhou:2011ivba,
author = {Zhou, Tao},
title = {Stochastic Galerkin methods for elliptic interface problems with random input},
journal = {Journal of Computational and Applied Mathematics},
year = {2011},
volume = {236},
number = {5},
pages = {782--792},
}

@article{Maı̂tre:2004joba,
author = {Le Ma{\i}{\^}tre, O~P and Knio, O~M and Najm, H~N and Ghanem, R~G},
title = {{Uncertainty propagation using Wiener{\textendash}Haar expansions}},
journal = {Journal of Computational Physics},
year = {2004},
volume = {197},
number = {1},
pages = {28--57},
}

@article{Qi:2013byba,
author = {Jin, S and Qi, P},
title = {{$\ell^1$-error estimates on the immersed interface upwind scheme for linear convection equations with piecewise constant coefficients: A simple proof}},
journal = {Science China Mathematics},
year = {2013}
}

@article{Tadmor:1990vlba,
author = {Nessyahu, H and Tadmor, E},
title = {Non-oscillatory central differencing for hyperbolic conservation laws},
year = {1990}
}

@article{Novak:2006cpba,
author = {Jin, Shi and Novak, Kyle A},
title = {{A Semiclassical Transport Model for Thin Quantum Barriers}},
journal = {Multiscale Model Simul},
year = {2006},
volume = {5},
number = {4},
pages = {1063--1086},
}

@article{Wen:2005ueba,
author = {Jin, Shi and Wen, Xin},
title = {{Hamiltonian-preserving schemes for the Liouville equation with discontinuous potentials}},
journal = {Communications in Mathematical Sciences},
year = {2005},
volume = {3},
number = {3},
pages = {285--315}
}

@book{Bijl:2013hkba,
author = {Bijl, Hester and Lucor, Didier and Mishra, Siddhartha and Schwab, Christoph},
title = {{Uncertainty Quantification in Computational Fluid Dynamics}},
publisher = {Springer},
year = {2013},
volume = {92},
}


@article{Liu:1998faba,
author = {Choi, H and Liu, J~G},
title = {{The reconstruction of upwind fluxes for conservation laws: its behavior in dynamic and steady state calculations}},
journal = {Journal of Computational Physics},
year = {1998},
volume = {144},
number = {2},
pages = {237--256}
}

@article{Tadmor:2000jlba,
author = {Kurganov, Alexander and Tadmor, Eitan},
title = {{New High-Resolution Central Schemes for Nonlinear Conservation Laws and Convection-Diffusion Equations}},
journal = {Journal of Computational Physics},
year = {2000},
volume = {160},
number = {1},
pages = {241--282},
}