%# -*- coding: utf-8-unix -*-
@article{xiu2009fast,
  title={Fast numerical methods for stochastic computations: a review},
  author={Xiu, Dongbin},
  journal={Communications in computational physics},
  volume={5},
  number={2-4},
  pages={242--272},
  year={2009}
}

@article{xiu2007efficient,
  title={Efficient collocational approach for parametric uncertainty analysis},
  author={Xiu, Dongbin},
  journal={Commun. Comput. Phys},
  volume={2},
  number={2},
  pages={293--309},
  year={2007}
}

@article{babuvska2007stochastic,
  title={A stochastic collocation method for elliptic partial differential equations with random input data},
  author={Babu{\v{s}}ka, Ivo and Nobile, Fabio and Tempone, Raul},
  journal={SIAM Journal on Numerical Analysis},
  volume={45},
  number={3},
  pages={1005--1034},
  year={2007},
  publisher={SIAM}
}

@article{tatang1997efficient,
  title={An efficient method for parametric uncertainty analysis of numerical geophysical models},
  author={Tatang, Menner A and Pan, Wenwei and Prinn, Ronald G and McRae, Gregory J},
  journal={Journal of Geophysical Research: Atmospheres},
  volume={102},
  number={D18},
  pages={21925--21932},
  year={1997},
  publisher={Wiley Online Library}
}

@article{mathelin2003stochastic,
  title={A stochastic collocation algorithm for uncertainty analysis},
  author={Mathelin, Lionel and Hussaini, M Yousuff and Zang, Thomas A},
  year={2003}
}

@article{xiu2005high,
  title={High-order collocation methods for differential equations with random inputs},
  author={Xiu, Dongbin and Hesthaven, Jan S},
  journal={SIAM Journal on Scientific Computing},
  volume={27},
  number={3},
  pages={1118--1139},
  year={2005},
  publisher={SIAM}
}

@article{giles2015multilevel,
  title={Multilevel Monte Carlo methods},
  author={Giles, Michael B},
  journal={Acta Numerica},
  volume={24},
  pages={259},
  year={2015},
  publisher={Cambridge University Press}
}

@book{Gard1985,
  title = {Handbook of stochastic methods: for physics, chemistry and the natural sciences},
  publisher = {Springer-Verlag},
  year = {1985},
  author = {C.W. Gardiner}
}

@book{KS1988,
  title = {Brownian Motion and Stochastic Calculus},
  publisher = {Springer-Verlag},
  year = {1988},
  author = {I. Karatzas and S.E. Shreve}
}


@book{KP1999,
  author={P.E. Kloeden and E. Platen},
  title={Numerical Solution of Stochastic Differential Equations},
  publisher = {Springer-Verlag},
  year={1999}
}

@book{O1998,
  author = {B. Oksendal},
  title = {Stochastic differential equations. An introduction with applications},
  publisher = {Springer-Verlag},
  year = {1998}
}

@book{Fish1996,
  author = {G.S. Fishman},
  title = {Monte Carlo: Concepts, Algorithms, and Applications},
  publisher = {Springer-Verlag},
  address = {New York},
  year = {1996}
}

@article{loh1996latin,
  title={On Latin hypercube sampling},
  author={Loh, Wei-Liem and others},
  journal={The annals of statistics},
  volume={24},
  number={5},
  pages={2058--2080},
  year={1996},
  publisher={Institute of Mathematical Statistics}
}

@article{stein1987large,
  title={Large sample properties of simulations using Latin hypercube sampling},
  author={Stein, Michael},
  journal={Technometrics},
  volume={29},
  number={2},
  pages={143--151},
  year={1987},
  publisher={Taylor \& Francis}
}

@book{fox1999strategies,
  title={Strategies for Quasi-Monte Carlo},
  author={Fox, Bennett L},
  volume={22},
  year={1999},
  publisher={Springer Science \& Business Media}
}

@book{niederreiter1992random,
  title={Random number generation and quasi-Monte Carlo methods},
  author={Niederreiter, Harald},
  year={1992},
  publisher={SIAM}
}

@book{niederreiter2012monte,
  title={Monte Carlo and quasi-Monte Carlo methods 1996: proceedings of a conference at the University of Salzburg, Austria, July 9-12, 1996},
  author={Niederreiter, Harald and Hellekalek, Peter and Larcher, Gerhard and Zinterhof, Peter},
  volume={127},
  year={2012},
  publisher={Springer Science \& Business Media}
}


@article{liu1986probabilistic,
  title={Probabilistic finite elements for nonlinear structural dynamics},
  author={Liu, Wing Kam and Belytschko, Ted and Mani, A},
  journal={Computer Methods in Applied Mechanics and Engineering},
  volume={56},
  number={1},
  pages={61--81},
  year={1986},
  publisher={Elsevier}
}

@article{liu1986random,
  title={Random field finite elements},
  author={Liu, Wing Kam and Belytschko, Ted and Mani, A},
  journal={International journal for numerical methods in engineering},
  volume={23},
  number={10},
  pages={1831--1845},
  year={1986},
  publisher={Wiley Online Library}
}

@book{zhang2001stochastic,
  title={Stochastic methods for flow in porous media: coping with uncertainties},
  author={Zhang, Dongxiao},
  year={2001},
  publisher={Academic press}
}

@article{shinozuka1988response,
  title={Response variability of stochastic finite element systems},
  author={Shinozuka, M and Deodatis, G},
  journal={Journal of Engineering Mechanics},
  volume={114},
  number={3},
  pages={499--519},
  year={1988},
  publisher={American Society of Civil Engineers}
}

@article{yamazaki1988neumann,
  title={Neumann expansion for stochastic finite element analysis},
  author={Yamazaki, Fumio and Member, Associate and Shinozuka, Masanobu and Dasgupta, Gautam},
  journal={Journal of Engineering Mechanics},
  volume={114},
  number={8},
  pages={1335--1354},
  year={1988},
  publisher={American Society of Civil Engineers}
}

@article{deodatis1991weighted1,
  title={Weighted integral method. I: stochastic stiffness matrix},
  author={Deodatis, George},
  journal={Journal of Engineering Mechanics},
  volume={117},
  number={8},
  pages={1851--1864},
  year={1991},
  publisher={American Society of Civil Engineers}
}

@article{deodatis1991weighted2,
  title={Weighted integral method. II: response variability and reliability},
  author={Deodatis, George and Shinozuka, Masanobu},
  journal={Journal of Engineering Mechanics},
  volume={117},
  number={8},
  pages={1865--1877},
  year={1991},
  publisher={American Society of Civil Engineers}
}

@article{chorin1974gaussian,
  title={Gaussian fields and random flow},
  author={Chorin, Alexandre Joel},
  journal={Journal of Fluid Mechanics},
  volume={63},
  number={01},
  pages={21--32},
  year={1974},
  publisher={Cambridge Univ Press}
}

@article{orszag1967dynamical,
  title={Dynamical Properties of Truncated Wiener-Hermite Expansions},
  author={Orszag, Steven A and Bissonnette, LR},
  journal={The Physics of Fluids},
  volume={10},
  number={12},
  pages={2603--2613},
  year={1967},
  publisher={AIP}
}

@article{xiu2002modeling,
  title={Modeling uncertainty in steady state diffusion problems via generalized polynomial chaos},
  author={Xiu, Dongbin and Karniadakis, George Em},
  journal={Computer methods in applied mechanics and engineering},
  volume={191},
  number={43},
  pages={4927--4948},
  year={2002},
  publisher={Elsevier}
}

@article{xiu2003modeling,
  title={Modeling uncertainty in flow simulations via generalized polynomial chaos},
  author={Xiu, Dongbin and Karniadakis, George Em},
  journal={Journal of computational physics},
  volume={187},
  number={1},
  pages={137--167},
  year={2003},
  publisher={Elsevier}
}

@article{babuska2004galerkin,
  title={Galerkin finite element approximations of stochastic elliptic partial differential equations},
  author={Babuska, Ivo and Tempone, Ra{\'u}l and Zouraris, Georgios E},
  journal={SIAM Journal on Numerical Analysis},
  volume={42},
  number={2},
  pages={800--825},
  year={2004},
  publisher={SIAM}
}

@article{le2004multi,
  title={Multi-resolution analysis of Wiener-type uncertainty propagation schemes},
  author={Le Ma{\i}tre, OP and Najm, HN and Ghanem, RG and Knio, OM},
  journal={Journal of Computational Physics},
  volume={197},
  number={2},
  pages={502--531},
  year={2004},
  publisher={Elsevier}
}

@article{wan2005adaptive,
  title={An adaptive multi-element generalized polynomial chaos method for stochastic differential equations},
  author={Wan, Xiaoliang and Karniadakis, George Em},
  journal={Journal of Computational Physics},
  volume={209},
  number={2},
  pages={617--642},
  year={2005},
  publisher={Elsevier}
}