%# -*- coding: utf-8-unix -*-
@article{magstudy,
author = {J. Avron and I. Herbst and B. Simon},
title = {Schr\"{o}dinger operators with magnetic fields. I. General interactions},
journal = {Duke Math. J.},
volume = {45},
pages = {847--883},
date = {1978}
}

@article{SP-NUFFT,
author = {W. Bao and S. Jiang and Q. Tang and Y. Zhang},
title = {Computing the ground state and dynamics of the nonlinear Schr\"{o}dinger equation with nonlocal interactions via the nonuniform FFT},
journal = {J. Comput. Phys.},
volume = {296},
date = {2015},
pages = {72--89}
}


@article{BaoJM,
author = {W. Bao and S. Jin and P.A. Markowich},
title = {Time-splitting spectral approximations for the Schr\"{o}dinger equation in the semiclassical regime},
journal = {J. Compt. Phys.},
volume = {175},
date = {2002},
pages = {487--524}
}

@article{BaoJM2,
author = {W. Bao and S. Jin and P.A. Markowich},
title = {Numerical studies of time-splitting spectral discretizations of nonlinear Schr\"{o}dinger equations in the semiclassical regime}, 
journal = {SIAM J. Sci. Compt.},
volume = {25},
date = {2003},
pages = {27--64}
}


@article{Dip-NUFFT,
author = {W. Bao and Q. Tang and Y. Zhang},
title = {Accurate and efficient numerical methods for computing ground states and dynamics
of dipolar Bose-Einstein condensates via the nonuniform FFT},
journal = {Commun. Comput. Phys.},
volume = {19},
number = {5},
date = {2016},
pages = {1141--1166}
}

@article{ME,
author = {S. Blanes and F. Casas and J.A. Oteo and J. Ros},
title = {The Magnus expansion and some of its applications},
journal = {Phys. Rep.},
volume = {470},
date = {2009},
pages = {151--238}
}


@article{SplitNonAuto,
author = {S. Blanes and F. Diele and C. Marangi and S. Ragni},
title = {Splitting and composition methods for explicit time dependence in separable dynamical systems},
journal = {J. Comput. Appl. Math.},
volume = {235},
date = {2010},
pages = {646--659},
}

@article{nufft2,
author = {A. Dutt and V. Rokhlin},
title = {Fast Fourier transforms for nonequispaced data},
journal = {SIAM J. Sci. Comput.},
volume = {14},
date = {1993},
pages = {1368--1393},
}
 
@article{high_freq_waves,
author = {B. Engquist and O. Runborg},
title = {Computational high frequency wave propagation},
journal = {Acta Numer.},
volume = {12},
date = {2003},
pages = {181--266},
}
 
@article{FGL,
author = {E. Faou and V. Gradinaru and Ch. Lubich},
title = {Computing semiclassical quantum dynamics with Hagedorn wavepackets},
journal = {SIAM J. Sci. Comput.},
volume = {31},
date = {2009},
pages = {3027--3041},
}
 
@article{Newsplitting,
author = {V. Gradinaru and G.A. Hagedorn},
title = {Convergence of a semiclassical wavepacket based time-splitting for the Schr\"{o}dinger equation}, 
journal = {Numer. Math.},
volume = {126},
date = {2013},
pages = {1--21},
}

@article{nufft6,
author = {L. Greengard and J-Y. Lee},
title = {Accelerating the nonuniform fast Fourier transform},
journal = {SIAM Rev.},
volume = {46},
date = {2004},
pages = {443--454},
}


@article{Hagedornraising,
author = {G.A. Hagedorn},
title = {Raising and lowering operators for semi-classical wave packets},
journal = {Ann. Phys.},
volume = {269},
date = {1998},
pages = {77--104},
}

@article{Ejheller,
author = {E.J. Heller},
title = {Time dependent approach to semiclassical dynamics},
journal = {J. Chem. Phys.},
volume = {62},
date = {1975},
pages = {1544--1555},
}

@article{JGB,
author = {S. Jiang and L. Greengard and W. Bao},
title = {Fast and accurate evaluation of nonlocal Coulomb and dipole-dipole interactions via the nonuniform FFT},
journal = {SIAM J. Sci. Comput.},
volume = {36},
date = {2014},
pages = {B777--B794},
}

@article{multi-phase,
author = {S. Jin and X. Li},
title = {Multi-phase computations of the semiclassical limit of the Schr\"{o}dinger equation and related problems: Whitham vs Wigner},
journal = {Phys. D: Nonlinear Phenom.},
volume = {182},
date = {2003},
pates = {46--85},
}

@article{reviewsemiclassical,
author = {S. Jin and P. A. Markowich and C. Sparber},
title = {Mathematical and computational methods for semiclassical Schr\"{o}dinger equations},
journal = {Acta Numer.},
volume = {20},
date = {2011},
pages = {121--209},
}

@article{level_set,
author = {S. Jin and S. Osher},
title = {A level set method for the computation of multi-valued solutions to quasi-linear hyperbolic PDE's and Hamilton-Jacobi equations},
journal = {Commun. Math. Sci.},
volume = {1},
date = {2003},
pages = {575--591},
}

@article{EGB,
author = {S. Jin and H. Wu and X. Yang},
title = {Gaussian beam methods for the Schr\"{o}dinger equation in the semi-classical regime: Lagrangian and Eulerian formulations},
journal = {Commun. Math. Sci.},
volume = {6},
date = {2008},
pages = {995--1020},
}

@article{HEGB,
author = {S. Jin and H. Wu and X. Yang},
title = {Semi-Eulerian and high order Gaussian beam methods for the Schr\"{o}dinger equation in the semiclassical regime},
journal = {Commun. Comput. Phys.},
volume = {9},
date = {2011},
pages = {668--687},
}

@article{SemiJZ,
author = {S. Jin and Z. Zhou},
title = {A semi-Lagrangian time splitting method for the Schr\"{o}dinger equation with vector potentials},
journal = {Communications in Information and Systems},
volume = {13},
date = {2013},
pages = {247--289},
}

@article{ErrorestiGB,
author = {H. Liu and O. Runborg and Tanushev},
title = {Error estimates for Gaussian beams},
journal = {Math. Comp.},
volume = {82},
date = {2013},
pages = {919--952},
}

@article{Popov,
author = {M. M. Popov},
title = {A new method of computation of wave fields using Gaussian beams},
journal = {Wave Motion},
volume = {4},
date = {1982},
pages = {85--97},
}

@article{FGBtrans,
author = {J. Qian and L. Ying},
title = {Fast Gaussian wave pack transforms and Gaussian beams for the Schr\"{o}dinger equation},
journal = {J. Comput. Phys.},
volume = {229},
date = {2010},
pages = {7848--7873},
}

@article{Gaussian_propagation,
author = {J. Ralston},
title = {Gaussian beams and thepropagation of singularities},
journal = {Studies in partial differential equations},
volume = {23},
date = {1982},
pages = {206--248},
}

@article{GBTrans,
author = {G. Russo and P. Smereka},
title = {The Gaussian wave packet transform: Efficient computation of the semi-classical limit of the Schr\"{o}dinger equation. Part 1-Formulation and the one dimensional case},
journal = {J. Comput. Phys.},
volume = {233},
date = {2013},
pages = {192--209},
}

@article{GBTrans2,
author = {G. Russo and P. Smereka},
title = {The Gaussian wave packet transform: Efficient computation of the semi-classical limit of the  Schr\"{o}dinger equation. Part 2. Multidimensional case},
journal = {J. Comput. Phys.},
volume = {257},
date = {2014},
pages = {1022--1038},
}

@book{ST,
author = {J. Shen and T. Tang},
title = {Spectral and High-Order Methods with Applications},
publisher = {Science Press},
address = {Beijing},
date = {2006},
}

@article{QO,
author = {M.O. Scully and M.S. Zubairy},
title = {Quantum optics},
publisher = {Cambridge University Press},
date = {1997},
}


@article{suli,
author = {E. S\"{u}li and A. Ware},
title = {A spectral method of characteristics for hyperbolic problems},
journal = {SIAM J. Appl. Math.},
volume = {28},
date = {1991},
pages = {423--445},
}

@article{HGBT,
author = {N.M. Tanushev},
title = {Superpositions and higher order Gaussian beams},
journal = {Commun. Math. Sci.},
volume = {6},
date = {2008},
pages = {449--475},
}

@article{interfaceGB,
author = {D. Yin and C. Zheng},
title = {Gaussian beam formulation and interface conditions for the one-dimensional linear Schr\"{o}dinger equation},
journal = {Wave Motion},
volume = {48},
date = {2011},
pages = {310--324},
}

@article{HagedornV,
author = {Z. Zhou},
title = {Numerical approximation of the Schr\"{o}dinger equation with the electromagnetic field by the Hagedorn wave packets},
journal = {J. Comput. Phys.},
volume = {272},
date = {2014},
pages = {386--40},
}
