%# -*- coding: utf-8-unix -*-

% intro.bib
@article{xiu2009fast,
  title={Fast numerical methods for stochastic computations: a review},
  author={Xiu, Dongbin},
  journal={Communications in computational physics},
  volume={5},
  number={2-4},
  pages={242--272},
  year={2009}
}

@article{xiu2007efficient,
  title={Efficient collocational approach for parametric uncertainty analysis},
  author={Xiu, Dongbin},
  journal={Commun. Comput. Phys},
  volume={2},
  number={2},
  pages={293--309},
  year={2007}
}

@article{babuvska2007stochastic,
  title={A stochastic collocation method for elliptic partial differential equations with random input data},
  author={Babu{\v{s}}ka, Ivo and Nobile, Fabio and Tempone, Raul},
  journal={SIAM Journal on Numerical Analysis},
  volume={45},
  number={3},
  pages={1005--1034},
  year={2007},
  publisher={SIAM}
}

@article{tatang1997efficient,
  title={An efficient method for parametric uncertainty analysis of numerical geophysical models},
  author={Tatang, Menner A and Pan, Wenwei and Prinn, Ronald G and McRae, Gregory J},
  journal={Journal of Geophysical Research: Atmospheres},
  volume={102},
  number={D18},
  pages={21925--21932},
  year={1997},
  publisher={Wiley Online Library}
}

@article{mathelin2003stochastic,
  title={A stochastic collocation algorithm for uncertainty analysis},
  author={Mathelin, Lionel and Hussaini, M Yousuff and Zang, Thomas A},
  year={2003}
}

@article{xiu2005high,
  title={High-order collocation methods for differential equations with random inputs},
  author={Xiu, Dongbin and Hesthaven, Jan S},
  journal={SIAM Journal on Scientific Computing},
  volume={27},
  number={3},
  pages={1118--1139},
  year={2005},
  publisher={SIAM}
}



@article{giles2015multilevel,
  title={Multilevel Monte Carlo methods},
  author={Giles, Michael B},
  journal={Acta Numerica},
  volume={24},
  pages={259},
  year={2015},
  publisher={Cambridge University Press}
}


@book{Gard1985,
  title = {Handbook of stochastic methods: for physics, chemistry and the natural sciences},
  publisher = {Springer-Verlag},
  year = {1985},
  author = {C.W. Gardiner}
}

@book{KS1988,
  title = {Brownian Motion and Stochastic Calculus},
  publisher = {Springer-Verlag},
  year = {1988},
  author = {I. Karatzas and S.E. Shreve}
}


@book{KP1999,
  author={P.E. Kloeden and E. Platen},
  title={Numerical Solution of Stochastic Differential Equations},
  publisher = {Springer-Verlag},
  year={1999}
}

@book{O1998,
  author = {B. Oksendal},
  title = {Stochastic differential equations. An introduction with applications},
  publisher = {Springer-Verlag},
  year = {1998}
}

@book{Fish1996,
  author = {G.S. Fishman},
  title = {Monte Carlo: Concepts, Algorithms, and Applications},
  publisher = {Springer-Verlag},
  address = {New York},
  year = {1996}
}

@article{loh1996latin,
  title={On Latin hypercube sampling},
  author={Loh, Wei-Liem and others},
  journal={The annals of statistics},
  volume={24},
  number={5},
  pages={2058--2080},
  year={1996},
  publisher={Institute of Mathematical Statistics}
}

@article{stein1987large,
  title={Large sample properties of simulations using Latin hypercube sampling},
  author={Stein, Michael},
  journal={Technometrics},
  volume={29},
  number={2},
  pages={143--151},
  year={1987},
  publisher={Taylor \& Francis}
}

@book{fox1999strategies,
  title={Strategies for Quasi-Monte Carlo},
  author={Fox, Bennett L},
  volume={22},
  year={1999},
  publisher={Springer Science \& Business Media}
}

@book{niederreiter1992random,
  title={Random number generation and quasi-Monte Carlo methods},
  author={Niederreiter, Harald},
  year={1992},
  publisher={SIAM}
}

@book{niederreiter2012monte,
  title={Monte Carlo and quasi-Monte Carlo methods 1996: proceedings of a conference at the University of Salzburg, Austria, July 9-12, 1996},
  author={Niederreiter, Harald and Hellekalek, Peter and Larcher, Gerhard and Zinterhof, Peter},
  volume={127},
  year={2012},
  publisher={Springer Science \& Business Media}
}


@article{liu1986probabilistic,
  title={Probabilistic finite elements for nonlinear structural dynamics},
  author={Liu, Wing Kam and Belytschko, Ted and Mani, A},
  journal={Computer Methods in Applied Mechanics and Engineering},
  volume={56},
  number={1},
  pages={61--81},
  year={1986},
  publisher={Elsevier}
}

@article{liu1986random,
  title={Random field finite elements},
  author={Liu, Wing Kam and Belytschko, Ted and Mani, A},
  journal={International journal for numerical methods in engineering},
  volume={23},
  number={10},
  pages={1831--1845},
  year={1986},
  publisher={Wiley Online Library}
}

@book{zhang2001stochastic,
  title={Stochastic methods for flow in porous media: coping with uncertainties},
  author={Zhang, Dongxiao},
  year={2001},
  publisher={Academic press}
}

@article{shinozuka1988response,
  title={Response variability of stochastic finite element systems},
  author={Shinozuka, M and Deodatis, G},
  journal={Journal of Engineering Mechanics},
  volume={114},
  number={3},
  pages={499--519},
  year={1988},
  publisher={American Society of Civil Engineers}
}

@article{yamazaki1988neumann,
  title={Neumann expansion for stochastic finite element analysis},
  author={Yamazaki, Fumio and Member, Associate and Shinozuka, Masanobu and Dasgupta, Gautam},
  journal={Journal of Engineering Mechanics},
  volume={114},
  number={8},
  pages={1335--1354},
  year={1988},
  publisher={American Society of Civil Engineers}
}

@article{deodatis1991weighted1,
  title={Weighted integral method. I: stochastic stiffness matrix},
  author={Deodatis, George},
  journal={Journal of Engineering Mechanics},
  volume={117},
  number={8},
  pages={1851--1864},
  year={1991},
  publisher={American Society of Civil Engineers}
}

@article{deodatis1991weighted2,
  title={Weighted integral method. II: response variability and reliability},
  author={Deodatis, George and Shinozuka, Masanobu},
  journal={Journal of Engineering Mechanics},
  volume={117},
  number={8},
  pages={1865--1877},
  year={1991},
  publisher={American Society of Civil Engineers}
}

@article{chorin1974gaussian,
  title={Gaussian fields and random flow},
  author={Chorin, Alexandre Joel},
  journal={Journal of Fluid Mechanics},
  volume={63},
  number={01},
  pages={21--32},
  year={1974},
  publisher={Cambridge Univ Press}
}

@article{orszag1967dynamical,
  title={Dynamical Properties of Truncated Wiener-Hermite Expansions},
  author={Orszag, Steven A and Bissonnette, LR},
  journal={The Physics of Fluids},
  volume={10},
  number={12},
  pages={2603--2613},
  year={1967},
  publisher={AIP}
}

@article{xiu2002modeling,
  title={Modeling uncertainty in steady state diffusion problems via generalized polynomial chaos},
  author={Xiu, Dongbin and Karniadakis, George Em},
  journal={Computer methods in applied mechanics and engineering},
  volume={191},
  number={43},
  pages={4927--4948},
  year={2002},
  publisher={Elsevier}
}

@article{xiu2003modeling,
  title={Modeling uncertainty in flow simulations via generalized polynomial chaos},
  author={Xiu, Dongbin and Karniadakis, George Em},
  journal={Journal of computational physics},
  volume={187},
  number={1},
  pages={137--167},
  year={2003},
  publisher={Elsevier}
}

@article{babuska2004galerkin,
  title={Galerkin finite element approximations of stochastic elliptic partial differential equations},
  author={Babuska, Ivo and Tempone, Ra{\'u}l and Zouraris, Georgios E},
  journal={SIAM Journal on Numerical Analysis},
  volume={42},
  number={2},
  pages={800--825},
  year={2004},
  publisher={SIAM}
}

@article{le2004multi,
  title={Multi-resolution analysis of Wiener-type uncertainty propagation schemes},
  author={Le Ma{\i}tre, OP and Najm, HN and Ghanem, RG and Knio, OM},
  journal={Journal of Computational Physics},
  volume={197},
  number={2},
  pages={502--531},
  year={2004},
  publisher={Elsevier}
}

@article{wan2005adaptive,
  title={An adaptive multi-element generalized polynomial chaos method for stochastic differential equations},
  author={Wan, Xiaoliang and Karniadakis, George Em},
  journal={Journal of Computational Physics},
  volume={209},
  number={2},
  pages={617--642},
  year={2005},
  publisher={Elsevier}
}

%UQAP

@article {JL-91,
    AUTHOR = {Jin, Shi and Levermore, David},
     TITLE = {The discrete-ordinate method in diffusive regimes},
   JOURNAL = {Transport Theory Statist. Phys.},
  FJOURNAL = {Transport Theory and Statistical Physics},
    VOLUME = {20},
      YEAR = {1991},
    NUMBER = {5-6},
     PAGES = {413--439},
      ISSN = {0041-1450},
     CODEN = {TTSPB4},
   MRCLASS = {35A40 (65D30 65N99 82C70)},
  MRNUMBER = {1139994},
MRREVIEWER = {Marvin L. Adams},
       DOI = {10.1080/00411459108203913},
       URL = {http://dx.doi.org.ezproxy.library.wisc.edu/10.1080/00411459108203913},
}



@article{bardos1984diffusion,
  title={Diffusion approximation and computation of the critical size},
  author={Bardos, Claude and Santos, Rafael and Sentis, R{\'e}mi},
  journal={Transactions of the american mathematical society},
  volume={284},
  number={2},
  pages={617--649},
  year={1984}
}

@article {LM-08,
    AUTHOR = {Lemou, Mohammed and Mieussens, Luc},
     TITLE = {A new asymptotic preserving scheme based on micro-macro
              formulation for linear kinetic equations in the diffusion
              limit},
   JOURNAL = {SIAM J. Sci. Comput.},
  FJOURNAL = {SIAM Journal on Scientific Computing},
    VOLUME = {31},
      YEAR = {2008},
    NUMBER = {1},
     PAGES = {334--368},
      ISSN = {1064-8275},
   MRCLASS = {82C70 (35B25 35K57 41A60 65M06 82C80 82D75)},
  MRNUMBER = {2460781 (2010a:82065)},
MRREVIEWER = {Edward W. Larsen},
       DOI = {10.1137/07069479X},
       URL = {http://dx.doi.org.ezproxy.library.wisc.edu/10.1137/07069479X},
}


@article {LM-12,
    AUTHOR = {Lemou, Mohammed and M\'ehats, Florian},
     TITLE = {Micro-Macro Schemes for Kinetic Equations Including Boundary Layers},
   JOURNAL = {SIAM J. Sci. Comput.},
  FJOURNAL = {SIAM Journal on Scientific Computing},
    VOLUME = {34},
      YEAR = {2012},
    NUMBER = {6},
     PAGES = {734--760},
}

@article {BLM,
    AUTHOR = {Bennoune, Mounir and Lemou, Mohammed and Mieussens, Luc},
     TITLE = {Uniformly stable numerical schemes for the {B}oltzmann
              equation preserving the compressible {N}avier-{S}tokes
              asymptotics},
   JOURNAL = {J. Comput. Phys.},
  FJOURNAL = {Journal of Computational Physics},
    VOLUME = {227},
      YEAR = {2008},
    NUMBER = {8},
     PAGES = {3781--3803},
      ISSN = {0021-9991},
     CODEN = {JCTPAH},
   MRCLASS = {65M06 (76N99 76P05 82C80)},
  MRNUMBER = {2403867 (2009b:65197)},
MRREVIEWER = {Susana Serna},
       DOI = {10.1016/j.jcp.2007.11.032},
       URL = {http://dx.doi.org/10.1016/j.jcp.2007.11.032},
}

@article {LiuMie,
    AUTHOR = {Liu, Jian-Guo and Mieussens, Luc},
     TITLE = {Analysis of an asymptotic preserving scheme for linear kinetic
              equations in the diffusion limit},
   JOURNAL = {SIAM J. Numer. Anal.},
  FJOURNAL = {SIAM Journal on Numerical Analysis},
    VOLUME = {48},
      YEAR = {2010},
    NUMBER = {4},
     PAGES = {1474--1491},
      ISSN = {0036-1429},
     CODEN = {SJNAAM},
   MRCLASS = {65M06 (35B25 35F05 41A60 65M12 82C80)},
  MRNUMBER = {2684343 (2011m:65188)},
MRREVIEWER = {Doron Levy},
       DOI = {10.1137/090772770},
       URL = {http://dx.doi.org/10.1137/090772770},
}

@article {BSS,
    AUTHOR = {Bardos, C. and Santos, R. and Sentis, R.},
     TITLE = {Diffusion approximation and computation of the critical size},
   JOURNAL = {Trans. Amer. Math. Soc.},
  FJOURNAL = {Transactions of the American Mathematical Society},
    VOLUME = {284},
      YEAR = {1984},
    NUMBER = {2},
     PAGES = {617--649},
      ISSN = {0002-9947},
     CODEN = {TAMTAM},
   MRCLASS = {45K05 (45M05 82A70)},
  MRNUMBER = {743736 (86g:45027)},
MRREVIEWER = {Nina B. Maslova},
       DOI = {10.2307/1999099},
       URL = {http://dx.doi.org/10.2307/1999099},
}

@book {BLP,
    AUTHOR = {Bensoussan, Alain and Lions, Jacques-Louis and Papanicolaou,
              George},
     TITLE = {Asymptotic analysis for periodic structures},
    SERIES = {Studies in Mathematics and its Applications},
    VOLUME = {5},
 PUBLISHER = {North-Holland Publishing Co., Amsterdam-New York},
      YEAR = {1978},
     PAGES = {xxiv+700},
      ISBN = {0-444-85172-0},
   MRCLASS = {35-02 (35B40 49D50 60H99)},
  MRNUMBER = {503330 (82h:35001)},
MRREVIEWER = {Carlo Sbordone},
}

@article {LarKe,
    AUTHOR = {Larsen, Edward W. and Keller, Joseph B.},
     TITLE = {Asymptotic solution of neutron transport problems for small
              mean free paths},
   JOURNAL = {J. Mathematical Phys.},
  FJOURNAL = {Journal of Mathematical Physics},
    VOLUME = {15},
      YEAR = {1974},
     PAGES = {75--81},
      ISSN = {0022-2488},
   MRCLASS = {82.45},
  MRNUMBER = {0339741 (49 \#4498)},
MRREVIEWER = {J. P. Guiraud},
}

@article {LiuYu,
    AUTHOR = {Liu, Tai-Ping and Yu, Shih-Hsien},
     TITLE = {Boltzmann equation: micro-macro decompositions and positivity
              of shock profiles},
   JOURNAL = {Comm. Math. Phys.},
  FJOURNAL = {Communications in Mathematical Physics},
    VOLUME = {246},
      YEAR = {2004},
    NUMBER = {1},
     PAGES = {133--179},
      ISSN = {0010-3616},
     CODEN = {CMPHAY},
   MRCLASS = {82C40 (35Q30 76P05)},
  MRNUMBER = {2044894 (2005f:82101)},
MRREVIEWER = {Fumioki Asakura},
       DOI = {10.1007/s00220-003-1030-2},
       URL = {http://dx.doi.org/10.1007/s00220-003-1030-2},
}

  
@article{XiuKar,
  author = "D. Xiu and G.E. Karniadakis",
  title  = "The {Wiener-Askey} polynomial chaos for stochastic
            differential equations",
  journal= "SIAM J. Sci. Comput.",
  volume = 24,
  number = 2,
  pages  = "619--644",
  year   = 2002
}

@book{Xiu-book,
  author = "D. Xiu",
  title  = "Numerical methods for stochastic computations",
  publisher = "Princeton Univeristy Press",
  address = "Princeton, New Jersey",
  year  = 2010
}


@Book{GhaSpa,
  author =       "R.G. Ghanem and P. Spanos",
  title =        "Stochastic Finite Elements: a Spectral Approach",
  publisher =    "Springer-Verlag",
  year =         "1991"
}

@Article{Wie,
  author =       "N. Wiener",
  title =        "{The homogeneous chaos}", 
  journal =      "Amer. J. Math.",
  year =         "1938",
  volume =       "60",
  pages =        "897--936"
}

@article {GJL,
    AUTHOR = {Golse, Fran{\c{c}}ois and Jin, Shi and Levermore, C. David},
     TITLE = {The convergence of numerical transfer schemes in diffusive
              regimes. {I}. {D}iscrete-ordinate method},
   JOURNAL = {SIAM J. Numer. Anal.},
  FJOURNAL = {SIAM Journal on Numerical Analysis},
    VOLUME = {36},
      YEAR = {1999},
    NUMBER = {5},
     PAGES = {1333-1369},
      ISSN = {0036-1429},
   MRCLASS = {82C80 (65N30 82C70)},
  MRNUMBER = {1706766 (2000m:82057)},
MRREVIEWER = {B. Kellogg},
       DOI = {10.1137/S0036142997315986},
       URL = {http://dx.doi.org.ezproxy.library.wisc.edu/10.1137/S0036142997315986},
}

@article {Jin-AP,
    AUTHOR = {Jin, Shi},
     TITLE = {Efficient asymptotic-preserving ({AP}) schemes for some
              multiscale kinetic equations},
   JOURNAL = {SIAM J. Sci. Comput.},
  FJOURNAL = {SIAM Journal on Scientific Computing},
    VOLUME = {21},
      YEAR = {1999},
    NUMBER = {2},
     PAGES = {441--454},
      ISSN = {1064-8275},
   MRCLASS = {65M06 (76M20 76P05 82C40)},
  MRNUMBER = {1718639 (2000h:65115)},
       DOI = {10.1137/S1064827598334599},
       URL = {http://dx.doi.org.ezproxy.library.wisc.edu/10.1137/S1064827598334599},
}

@article{Jin-Rev,
  author={S. Jin},
  title={Asymptotic preserving (AP) schemes for multiscale kinetic and hyperbolic equations: a review},
  journal={Lecture Notes for Summer School on ``Methods and Models of Kinetic Theory'' (M\&MKT), Porto Ercole (Grosseto, Italy)},
  year={2010}
}

@article {JL,
    AUTHOR = {Jin, Shi and Levermore, C. David},
     TITLE = {Numerical schemes for hyperbolic conservation laws with stiff
              relaxation terms},
   JOURNAL = {J. Comput. Phys.},
  FJOURNAL = {Journal of Computational Physics},
    VOLUME = {126},
      YEAR = {1996},
    NUMBER = {2},
     PAGES = {449--467},
      ISSN = {0021-9991},
     CODEN = {JCTPAH},
   MRCLASS = {65M06 (65P05)},
  MRNUMBER = {1404381 (97g:65173)},
       DOI = {10.1006/jcph.1996.0149},
       URL = {http://dx.doi.org.ezproxy.library.wisc.edu/10.1006/jcph.1996.0149},
}

@article{JPT1,
  title={Diffusive relaxation schemes for multiscale discrete-velocity kinetic equations},
  author={S. Jin and L. Pareschi and G. Toscani},
  journal={SIAM J. Numer. Anal.},
  volume={35},
  number={6},
  pages={2405--2439},
  year={1998},
  publisher={SIAM}
}

@article{JPT2,
  title={Uniformly accurate diffusive relaxation schemes for multiscale transport equations},
  author={S. Jin and L. Pareschi and G. Toscani},
  journal={SIAM J. Numer. Anal.},
  volume={38},
  number={3},
  pages={913--936},
  year={2000},
  publisher={SIAM}
}

@article {KlarSch,
    AUTHOR = {Klar, A. and Schmeiser, C.},
     TITLE = {Numerical passage from radiative heat transfer to nonlinear
              diffusion models},
   JOURNAL = {Math. Models Methods Appl. Sci.},
  FJOURNAL = {Mathematical Models and Methods in Applied Sciences},
    VOLUME = {11},
      YEAR = {2001},
    NUMBER = {5},
     PAGES = {749--767},
      ISSN = {0218-2025},
   MRCLASS = {82C70 (45K05 80A20)},
  MRNUMBER = {1842224 (2002e:82061)},
       DOI = {10.1142/S0218202501001082},
       URL = {http://dx.doi.org/10.1142/S0218202501001082},
}


@article {Klar,
    AUTHOR = {Klar, Axel},
     TITLE = {An asymptotic-induced scheme for nonstationary transport
              equations in the diffusive limit},
   JOURNAL = {SIAM J. Numer. Anal.},
  FJOURNAL = {SIAM Journal on Numerical Analysis},
    VOLUME = {35},
      YEAR = {1998},
    NUMBER = {3},
     PAGES = {1073--1094 (electronic)},
      ISSN = {0036-1429},
   MRCLASS = {82C70 (65M12 82-08)},
  MRNUMBER = {1619859 (99d:82063)},
MRREVIEWER = {Edward W. Larsen},
       DOI = {10.1137/S0036142996305558},
       URL = {http://dx.doi.org.ezproxy.library.wisc.edu/10.1137/S0036142996305558},
}

@article {LarMor,
    AUTHOR = {Larsen, Edward W. and Morel, J. E.},
     TITLE = {Asymptotic solutions of numerical transport problems in
              optically thick, diffusive regimes. {II}},
   JOURNAL = {J. Comput. Phys.},
  FJOURNAL = {Journal of Computational Physics},
    VOLUME = {83},
      YEAR = {1989},
    NUMBER = {1},
     PAGES = {212--236},
      ISSN = {0021-9991},
     CODEN = {JCTPAH},
   MRCLASS = {82-08 (65L10 65P05 82A25 82A70)},
  MRNUMBER = {1010164 (90h:82001)},
MRREVIEWER = {Marvin L. Adams},
}

@article {LMM1,
    AUTHOR = {Larsen, Edward W. and Morel, J. E. and Miller, Jr., Warren F.},
     TITLE = {Asymptotic solutions of numerical transport problems in
              optically thick, diffusive regimes},
   JOURNAL = {J. Comput. Phys.},
  FJOURNAL = {Journal of Computational Physics},
    VOLUME = {69},
      YEAR = {1987},
    NUMBER = {2},
     PAGES = {283--324},
      ISSN = {0021-9991},
     CODEN = {JCTPAH},
   MRCLASS = {65L10 (82A70 85A25)},
  MRNUMBER = {888058 (89b:65191)},
MRREVIEWER = {Marvin L. Adams},
}

@article {GT2003,
  AUTHOR = {Gosse, Laurent and Toscani, Giuseppe},
    TITLE = {Space localization and well-balanced schemes for discrete
             kinetic models in diffusive regimes},
  JOURNAL = {SIAM J. Numer. Anal.},
   VOLUME = {41},
     YEAR = {2003},
   NUMBER = {2},
    PAGES = {641--658},

}


@inproceedings {FPW,
        author="Erin D. Fichtl and Anil K. Prinja and James S. Warsa",
        title="Stochastic methods for uncertainty quantification in radiation transport",
        booktitle="International Conference on Mathematics, Computational Methods \& Reactor Physics (M\&C 2009), Saratoga Springs, New York, May 3-7, 2009", 
        year="2009"    
} 

@article {JXZ,
    AUTHOR = {Jin, Shi and Xiu, Dongbin and Zhu, Xueyu},
     TITLE = {Asymptotic-preserving methods for hyperbolic and transport
              equations with random inputs and diffusive scalings},
   JOURNAL = {J. Comput. Phys.},
  FJOURNAL = {Journal of Computational Physics},
    VOLUME = {289},
      YEAR = {2015},
     PAGES = {35--52},
      ISSN = {0021-9991},
   MRCLASS = {65M75},
  MRNUMBER = {3322819},
       DOI = {10.1016/j.jcp.2015.02.023},
       URL = {http://dx.doi.org/10.1016/j.jcp.2015.02.023},
}

@article {JinLiuL,
    title={An Asymptotic-Preserving Stochastic Galerkin Method for the Semiconductor Boltzmann Equation with Random Inputs and Diffusive Scalings},
    author={Jin, Shi and Liu, Liu},
    journal={SIAM Multiscale Modeling and Simulation},
    volume={15},
    number={},
    pages={157--183},
    year={2017}
}

@book{loeve2012probability,
  title={Probability Theory I},
  author={Loeve, M.},
  isbn={9781468494648},
  series={Graduate Texts in Mathematics},
  year={2012},
  publisher={Springer New York}
}

@article{JinHu,
  title={A stochastic Galerkin method for the Boltzmann equation with uncertainty},
  author={Hu, Jingwei and Jin, Shi},
  journal={J. Comp. Phys.},
  volume={315},
  pages={150--168},
  year={2016},
  
}

@article{JinLu,
  title={An Asymptotic-Preserving Stochastic Galerkin Method for the Radiative Heat Transfer Equations with Random Inputs and Diffusive Scalings},
  author={Jin, Shi and Lu, Hanqing},
  journal={J. Comp. Phys.},
  volume={334},
  pages={182--206},
  year={2017}, 
}

@article {JinTangHan,
    title={On a uniformly second order numerical method for the one-dimensional discrete-ordinate transport equation and its diffusion limit with interface},
    author={Jin, Shi and Tang, Min and Han, Houde},
    journal={Networks and Heterogeneous Media},
    volume = {4},
    pages={35--65},
    year={2009}
}

@article{JLW,
  title={The uniform convergence of generalized polynomial chaos based methods for multiscale transport equation with random scattering},
  author={Shi Jin and Qin Li and Li Wang},
  journal={preprint},
  date = {},
}

% frac_time

@article{xu2014alternating,
  title={Alternating direction implicit Galerkin finite element method for the two-dimensional time fractional evolution equation},
  author={Xu, D.},
  journal={Numer. Math.: Theor., Meth., Appl.},
  volume={7},
  number={01},
  pages={41--57},
  year={2014},
  publisher={Cambridge Univ Press}
}

@article{gao2015three,
  title={Three-point combined compact alternating direction implicit difference schemes for two-dimensional time-fractional advection-diffusion equations},
  author={Gao, G. and Sun, H.},
  journal={Commun. Comput. Phy.},
  volume={17},
  number={02},
  pages={487--509},
  year={2015},
  publisher={Cambridge Univ Press}
}


@article{wang2003positivity,
  title={Positivity property of second-order flux-splitting schemes for the compressible Euler equations},
  author={Wang, C. and Liu, J.},
  journal={Discrete Contin. Dyn. Syst. Ser. B},
  volume={3},
  number={2},
  pages={201--228},
  year={2003},
  publisher={AIMS PRESS}
}

@article{shu1992numerical,
  title={A numerical method for systems of conservation laws of mixed type admitting hyperbolic flux splitting},
  author={Shu, C.},
  journal={J. Comput. Phys.},
  volume={100},
  number={2},
  pages={424--429},
  year={1992},
  publisher={Elsevier}
}

@article{zhao:2003,
author = {Tsai, R. and Cheng, L. and Osher, S. and Zhao, H.},
title = {Fast Sweeping Algorithms for a Class of Hamilton-Jacobi Equations},
journal = {SIAM J. Numer. Anal.},
volume = {41},
number = {2},
pages = {673-694},
year = {2003}
}

@article{Neel:2007jgba,
author = {N{\'e}el, M. C. and Abdennadher, A. and Joelson, M.},
title = {Fractional Fick's law: the direct way},
journal = {J. Phys A: Math Theor},
year = {2007},
volume = {40},
number = {29},
pages = {8299--8314}
}

@article{Karniadakis:2013coba,
author = {Zayernouri, M. and Karniadakis, G.E.},
title = {Fractional Sturm-Liouville eigen-problems: Theory and numerical approximation},
journal = {J. Comput. Phys.},
year = {2013},
volume = {252},
number = {C},
pages = {495--517}
}

@article{Zhao:2015gfba,
author = {Zhao, X. and Sun, Z. and Karniadakis, G.E.},
title = {Second-order approximations for variable order fractional derivatives: Algorithms and applications},
journal = {J. Comput. Phys.},
year = {2015},
volume = {293},
number = {C},
pages = {184--200},
}

@article{Agrawal:2002hvba,
author = {Agrawal, O.P.},
title = {Solution for a fractional diffusion-wave equation defined in a bounded domain},
journal = {Nonlinear Dynam.},
year = {2002},
volume = {29},
number = {1--4},
pages = {145--155}
}

@article{Paradisi:2001beba,
author = {Paradisi, P. and Cesari, R. and Mainardi, F. and Tampieri, F.},
title = {The fractional Fick's law for non-local transport processes},
journal = {Phys. A},
year = {2001},
volume = {293},
number = {1--2},
pages = {130--142}
}

@article{ValerioCosta2011,
author = {Va\'elrio, D. and Da Costa, J. S.},
title = {Variable-order fractional derivatives and their numerical approximations},
journal = {Signal Process.},
year = {2011},
volume = {91},
number = {3},
pages = {470--483}
}

@article{FGASH,
author = {Lu, J. and Zhou, Z.},
title = {Frozen {G}aussian approximation with surface hopping for mixed quantum-classical dynamics: {A} mathematical justification of fewest switches surface hopping algorithms},
journal = {arXiv:1602.06459}
}

@article{Caputo,
author = {Caputo, M.},
title = {Diffusion of fluids in porous media with memory},
journal = {Geothermics},
year = {1999},
volume = {28},
number = {1},
pages = {113--130}
}



@article{Plasma1,
author = {del-Castillo-Negrete, D. and Carreras, B.A. and Lynch, V.E.},
title = {Fractional diffusion in plasma turbulence},
journal = {Phys. Plasmas},
year = {2004},
volume = {11},
number = {8},
pages = {3854--3864}
}

@article{Plasma2,
author = {del-Castillo-Negrete, D. and Carreras, B.A. and Lynch, V.E.},
title = {Nondiffusive transport in plasma turbulence: a fractional diffusion approach},
journal = {Phys. Rev. Lett.},
year = {2005},
volume = {94},
number = {6},
pages = {065003}
}

@article{MeltzlerKlafter,
author =       "Metzler, R. and Klafter, J.",
title =        {The random walk's guide to anomalous diffusion: a fractional dynamics approach},
journal =      "Phys. Rep.",
year =         "2000",
volume =       "229",
number =       "1",
pages =        "1--77",
}

@Article{Zaslavsky,
  author =       "Zaslavsky, G.M",
  title =        {Chaos, fractional kinetics, and anomalous transport},
  journal =      "Phys. Rep.",
  year =         "2002",
  volume =       "371",
  number =       "6",
  pages =        "461--580",
}

@Article{Caffarelli,
  author =       "Allen, M. and Caffarelli, L. and Vasseur, A.",
  title =        {Porous Medium Flow with both a Fractional Potential Pressure and Fractional Time Derivative},
  journal =      "arXiv preprint",
  year =         "2015",
  volume =       "",
  number =       "",
  pages =        "",
  annote =       "arXiv:1509.06325",
}

@Article{CLAT1,
  author =       "Chen, C.M. and Liu, F. and Anh, V. and Turner, I.",
  title =        {Numerical schemes with high spatial accuracy for a variable-order anomalous subdiffusion equation},
  journal =      "SIAM J. Sci. Comput.",
  year =         "2010",
  volume =       "32",
  number =       "4",
  pages =        "1740--1760",
}

@article{Xu:2013jjba,
author = {Cao, J. and Xu, C.},
title = {A high order schema for the numerical solution of the fractional ordinary differential equations},
journal = {J. of Comput. Phys.},
year = {2013},
volume = {238},
number = {C},
pages = {154--168}
}

@article{Xu:2007eaba,
author = {Lin, Y. and Xu, C.},
title = {Finite difference/spectral approximations for the time-fractional diffusion equation},
journal = {J. Comput. Phys.},
year = {2007}
}

@article{LZATB,
author = {Liu, F. and Zhuang, P. and Anh, V. and Turner, I. and Burrage, K.},
title = {Stability and convergence of the difference methods for the space-time fractional advection-diffusion equation},
journal = {Appl. Math. Comput.},
year = {2007},
volume = {191},
number = {1},
pages = {12--20}
}

@article{ZLPM,
  author =       "Zhang, H. and Liu, F. and Phanikumar, M. S. and Meerschaert, M. M.",
  title =        {A novel numerical method for the time variable fractional order mobile-immobile advection-dispersion model},
  journal =      " Comput.  Math.  Appl.",
  year =         "2013",
  volume =       "66",
  number =       "5",
  pages =        "693--701"
}

@article{Langlands2005719,
title = "The accuracy and stability of an implicit solution method for the fractional diffusion equation",
journal = "J. Comput. Phys.",
volume = "205",
number = "2",
pages = "719 - 736",
year = "2005",
note = "",
issn = "0021-9991",
doi = "http://dx.doi.org/10.1016/j.jcp.2004.11.025",
url = "http://www.sciencedirect.com/science/article/pii/S0021999104004887",
author = "T.A.M. Langlands and B.I. Henry",
keywords = "Fractional diffusion equation",
keywords = "von Neumann stability analysis",
keywords = "Anomalous diffusion "
}
@article{SUN2006193,
title = "A fully discrete difference scheme for a diffusion-wave system",
journal = "Appl. Numer. Math.",
volume = "56",
number = "2",
pages = "193--209",
year = "2006",
note = "",
issn = "0168-9274",
doi = "http://dx.doi.org/10.1016/j.apnum.2005.03.003",
url = "http://www.sciencedirect.com/science/article/pii/S0168927405000668",
author = "Z. Sun and X. Wu",
keywords = "Diffusion-wave system",
keywords = "Finite difference",
keywords = "Convergence",
keywords = "Solvability",
keywords = "Stability"
}
@article{Lin2007856,
title = "Fractional high order methods for the nonlinear fractional ordinary differential equation",
journal = "Nonlinear Anal.",
volume = "66",
number = "4",
pages = "856--869",
year = "2007",
note = "",
issn = "0362-546X",
doi = "http://dx.doi.org/10.1016/j.na.2005.12.027",
url = "http://www.sciencedirect.com/science/article/pii/S0362546X05010503",
author = "R. Lin and F. Liu",
keywords = "Fractional high order methods",
keywords = "Nonlinear fractional order",
keywords = "Consistence",
keywords = "Convergence",
keywords = "Stability "
}
@article{Kumar20062602,
title = "An approximate method for numerical solution of fractional differential equations",
journal = "Signal Process.",
volume = "86",
number = "10",
pages = "2602--2610",
year = "2006",
note = "Special Section: Fractional Calculus Applications in Signals and Systems",
issn = "0165-1684",
doi = "http://dx.doi.org/10.1016/j.sigpro.2006.02.007",
url = "http://www.sciencedirect.com/science/article/pii/S0165168406000466",
author = "P. Kumar and O.P. Agrawal",
keywords = "Fractional differential equation",
keywords = "Caputo derivative",
keywords = "Fractional-order system "
}

@article{Cao2013154,
title = "A high order schema for the numerical solution of the fractional ordinary differential equations ",
journal = "J. of Comput. Phys.",
volume = "238",
number = "",
pages = "154--168",
year = "2013",
note = "",
issn = "0021-9991",
doi = "http://dx.doi.org/10.1016/j.jcp.2012.12.013",
url = "http://www.sciencedirect.com/science/article/pii/S0021999112007449",
author = "J. Cao and C. Xu",
keywords = "Fractional ordinary differential equations",
keywords = "High order schema",
keywords = "Stability and convergence analysis "
}


@article{Néel:2007jgba,
author = {N{\'e}el, M~C and Abdennadher, A and Joelson, M},
title = {Fractional Fick's law: the direct way},
journal = {J Phys A: Math Theor},
year = {2007},
volume = {40},
number = {29},
pages = {8299--8314},
}

@Article{LvXu,
  author =       "Lv, C. and Xu, C.",
  title =        { Improved error estimates of a finite difference/spectral method for time-fractional diffusion equations},
  journal =      " Int. J. Numer. Anal. Mod",
  year =         "2015",
  volume =       "12",
  number =       "2",
  pages =        "384--400",
  annote =       "",
}

%gPC_hyp

@book{LeVeque,
author = {R.J. LeVeque},
title = {Finite Volume Methods for Hyperbolic Problems},
publisher = {Cambridge University Press},
date = {2002}
}

@inproceedings{Jin:2009pro,
author = {S. Jin},
title = {Numerical methods for hyperbolic systems with singular coefficients: well-balanced scheme, Hamiltonian preservation and beyond},
booktitle = {Proceedings of Symposia in Applied Mathematics},
series = {Proc. of the 12th International Conference on Hyperbolic Problems: Theory, Numerics, Applications, Univeristy of Maryland, College Park},
volume = {67},
number = {1},
pages = {93-104},
date = {2009},
publisher = {American Mathematical Society},
}

@book{GS,
author = {R. G. Ghanem and P. D. Spanos},
title = {Stochastic Finite Elements: A Spectral Approach},
publisher = {Springer Verlag},
date = {1991},
address = {New York},
}

@article{GWZ,
author = {M. D. Gunzburger and C. G. Webster and G. Zhang},
title = {Stochastic finite element method for partial differential equations with random input data},
journal = {Acta Numer.},
volume = {23},
pages = {521-650},
date = {2014},
}

@book{LMK,
author = {O.P. Le Maitre and O.M. Knio},
title = {Spectral Methods for Uncertainty Quantification}, 
series = {Scientific Computation, with Applications to Computational Fluid Dynamics},
publisher = {Springer},
address = {New York},
date = {2010},
}

@book{PIN,
author = {M.P. Pettersson and G. Iaccarino and J. Nordstr\"om}, 
title = {Polynomial Chaos Methods for Hyperbolic Differential Equations},
publisher = {Springer},
address = {Switzerland},
date = {2015},
}

@article{Motamed:2012gsba,
author = {M. Motamed and F. Nobile and R. Tempone},
title = {A stochastic collocation method for the second order wave equation with a discontinuous random speed},
journal = {Numer. Math},
volume = {123},
date = {2012},
pages = {493-536},
}

@article{JinWen-wave,
author = {S. Jin and X. Wen},
title = {Hamiltonian-preserving schemes for the Liouville equation of geometrical optics with partial transmissions and reflections},
journal = {SIAM J. Num. Anal.},
volume = {44},
pages = {1801--1828},
date = {2006},
}

@article{Babuška:2007kvba,
author = {Babu{\v s}ka, Ivo and Nobile, Fabio and Tempone, Ra{\'u}l},
title = {{A Stochastic Collocation Method for Elliptic Partial Differential Equations with Random Input Data}},
journal = {SIAM J Numer Anal},
year = {2007},
volume = {45},
number = {3},
pages = {1005--1034},
}

@article{Zheng:2015deba,
author = {Zheng, Mengdi and Rozovsky, Boris and Karniadakis, George E},
title = {{Adaptive Wick--Malliavin Approximation to Nonlinear SPDEs with Discrete Random Variables}},
journal = {SIAM J Sci Comput},
year = {2015},
volume = {37},
number = {4},
pages = {A1872--A1890},
}

@article{GX,
author = {D. Gottlieb and D. Xiu},
title = {Galerkin method for wave equations with uncertain coefficients},
journal = {Comm. Comp. Phys.},
volume = {3},
pages = {505-518},
date = {2008},
}

@incollection{Des,
author = {B. Despres and G. Poette and D. Lucor},
title = {Robust uncertainty propagation in systems of conservation laws with the entropy closure method in Uncertainty Quantication in Computational Fluid Dynamics},
volume = {92},
series = {Lect. Notes Comput. Sci. Eng.},
pages = {105-149},
publisher = {Springer},
address = {Heidelberg},
date = {2013},
}

@article{Quarteroni:1982bmba,
author = {Canuto, C and Quarteroni, A},
title = {{Approximation results for orthogonal polynomials in Sobolev spaces}},
journal = {Mathematics of Computation},
year = {1982},
volume = {38},
number = {157},
pages = {67--86}
}

@article{HJX,
author = {J. Hu and S. Jin and D. Xiu},
title = {A stochastic Galerkin method for Hamilton-Jacobi equations with uncertainty},
journal = {SIAM J. Sci. Comput.},
volume = {37},
pages = {A2246--A2269},
date = {2015},
}

@article{Jin:2014ugba,
author = {Jin, S and XIU, D and ZHU, X},
title = {{Asymptotic-preserving methods for hyperbolic and transport equations with random inputs and diffusive scalings}},
journal = {preprint},
year = {2014}
}

@article{Tang:2012ibba,
author = {Zhou, Tao and Tang, Tao},
title = {{Convergence Analysis for Spectral Approximation to a Scalar Transport Equation with a Random Wave Speed}},
journal = {Journal of Computational Mathematics},
year = {2012},
volume = {30},
number = {6},
pages = {643--656},
}

@article{Zhou:2010gwba,
author = {Tang, Tao and Zhou, Tao},
title = {{Convergence Analysis for Stochastic Collocation Methods to Scalar Hyperbolic Equations with a Random Wave Speed}},
journal = {Communications in Computational Physics},
year = {2010}
}

@article{XIU:2009imba,
author = {XIU, D},
title = {{Fast numerical methods for stochastic computations: a review}},
journal = {CiCP},
year = {2009}
}

@article{Hesthaven:2005iaba,
author = {Xiu, Dongbin and Hesthaven, Jan S},
title = {{High-Order Collocation Methods for Differential Equations with Random Inputs}},
journal = {SIAM J. Sci. Comput.},
year = {2005},
volume = {27},
number = {3},
pages = {1118--1139},
}

@article{Tryoen:2010djba,
author = {Tryoen, J and Le Ma{\^\i}tre, O and Ndjinga, M and Ern, A},
title = {{Intrusive Galerkin methods with upwinding for uncertain nonlinear hyperbolic systems}},
journal = {J. Comput. Phys.},
year = {2010},
volume = {229},
number = {18},
pages = {6485--6511},
}

@article{Maı̂tre:2004ctba,
author = {Le Ma{\i}{\^}tre, O~P and Najm, H~N and Ghanem, R~G and Knio, O~M},
title = {{Multi-resolution analysis of Wiener-type uncertainty propagation schemes}},
journal = {J. Comput. Phys.},
year = {2004},
volume = {197},
number = {2},
pages = {502--531},
}

@article{Maître:2007iwba,
author = {Le Ma{\^\i}tre, O P and Najm, H N and P{\'e}bay, P P and Ghanem, R G and Knio, O M},
title = {{Multi‐Resolution‐Analysis Scheme for Uncertainty Quantification in Chemical Systems}},
journal = {SIAM. J. Sci. Comput.},
year = {2007},
}

@book{Xiu:2010wxba,
author = {Xiu, Dongbin},
title = {Numerical Methods for Stochastic Computations},
publisher = {Princeton University Press},
year = {2010},
}

@article{Zhou:2011ivba,
author = {Zhou, Tao},
title = {Stochastic Galerkin methods for elliptic interface problems with random input},
journal = {Journal of Computational and Applied Mathematics},
year = {2011},
volume = {236},
number = {5},
pages = {782--792},
}

@article{Maı̂tre:2004joba,
author = {Le Ma{\i}{\^}tre, O~P and Knio, O~M and Najm, H~N and Ghanem, R~G},
title = {{Uncertainty propagation using Wiener{\textendash}Haar expansions}},
journal = {Journal of Computational Physics},
year = {2004},
volume = {197},
number = {1},
pages = {28--57},
}

@article{Qi:2013byba,
author = {Jin, S and Qi, P},
title = {{$\ell^1$-error estimates on the immersed interface upwind scheme for linear convection equations with piecewise constant coefficients: A simple proof}},
journal = {Science China Mathematics},
year = {2013}
}

@article{Tadmor:1990vlba,
author = {Nessyahu, H and Tadmor, E},
title = {Non-oscillatory central differencing for hyperbolic conservation laws},
year = {1990}
}

@article{Novak:2006cpba,
author = {Jin, Shi and Novak, Kyle A},
title = {{A Semiclassical Transport Model for Thin Quantum Barriers}},
journal = {Multiscale Model Simul},
year = {2006},
volume = {5},
number = {4},
pages = {1063--1086},
}

@article{Wen:2005ueba,
author = {Jin, Shi and Wen, Xin},
title = {{Hamiltonian-preserving schemes for the Liouville equation with discontinuous potentials}},
journal = {Communications in Mathematical Sciences},
year = {2005},
volume = {3},
number = {3},
pages = {285--315}
}

@book{Bijl:2013hkba,
author = {Bijl, Hester and Lucor, Didier and Mishra, Siddhartha and Schwab, Christoph},
title = {{Uncertainty Quantification in Computational Fluid Dynamics}},
publisher = {Springer},
year = {2013},
volume = {92},
}


@article{Liu:1998faba,
author = {Choi, H and Liu, J~G},
title = {{The reconstruction of upwind fluxes for conservation laws: its behavior in dynamic and steady state calculations}},
journal = {Journal of Computational Physics},
year = {1998},
volume = {144},
number = {2},
pages = {237--256}
}

@article{Tadmor:2000jlba,
author = {Kurganov, Alexander and Tadmor, Eitan},
title = {{New High-Resolution Central Schemes for Nonlinear Conservation Laws and Convection-Diffusion Equations}},
journal = {Journal of Computational Physics},
year = {2000},
volume = {160},
number = {1},
pages = {241--282},
}

% NUFFT

@article{magstudy,
author = {J. Avron and I. Herbst and B. Simon},
title = {Schr\"{o}dinger operators with magnetic fields. I. General interactions},
journal = {Duke Math. J.},
volume = {45},
pages = {847--883},
date = {1978}
}

@article{SP-NUFFT,
author = {W. Bao and S. Jiang and Q. Tang and Y. Zhang},
title = {Computing the ground state and dynamics of the nonlinear Schr\"{o}dinger equation with nonlocal interactions via the nonuniform FFT},
journal = {J. Comput. Phys.},
volume = {296},
date = {2015},
pages = {72--89}
}


@article{BaoJM,
author = {W. Bao and S. Jin and P.A. Markowich},
title = {Time-splitting spectral approximations for the Schr\"{o}dinger equation in the semiclassical regime},
journal = {J. Compt. Phys.},
volume = {175},
date = {2002},
pages = {487--524}
}

@article{BaoJM2,
author = {W. Bao and S. Jin and P.A. Markowich},
title = {Numerical studies of time-splitting spectral discretizations of nonlinear Schr\"{o}dinger equations in the semiclassical regime}, 
journal = {SIAM J. Sci. Compt.},
volume = {25},
date = {2003},
pages = {27--64}
}


@article{Dip-NUFFT,
author = {W. Bao and Q. Tang and Y. Zhang},
title = {Accurate and efficient numerical methods for computing ground states and dynamics
of dipolar Bose-Einstein condensates via the nonuniform FFT},
journal = {Commun. Comput. Phys.},
volume = {19},
number = {5},
date = {2016},
pages = {1141--1166}
}

@article{ME,
author = {S. Blanes and F. Casas and J.A. Oteo and J. Ros},
title = {The Magnus expansion and some of its applications},
journal = {Phys. Rep.},
volume = {470},
date = {2009},
pages = {151--238}
}


@article{SplitNonAuto,
author = {S. Blanes and F. Diele and C. Marangi and S. Ragni},
title = {Splitting and composition methods for explicit time dependence in separable dynamical systems},
journal = {J. Comput. Appl. Math.},
volume = {235},
date = {2010},
pages = {646--659},
}

@article{nufft2,
author = {A. Dutt and V. Rokhlin},
title = {Fast Fourier transforms for nonequispaced data},
journal = {SIAM J. Sci. Comput.},
volume = {14},
date = {1993},
pages = {1368--1393},
}
 
@article{high_freq_waves,
author = {B. Engquist and O. Runborg},
title = {Computational high frequency wave propagation},
journal = {Acta Numer.},
volume = {12},
date = {2003},
pages = {181--266},
}
 
@article{FGL,
author = {E. Faou and V. Gradinaru and Ch. Lubich},
title = {Computing semiclassical quantum dynamics with Hagedorn wavepackets},
journal = {SIAM J. Sci. Comput.},
volume = {31},
date = {2009},
pages = {3027--3041},
}
 
@article{Newsplitting,
author = {V. Gradinaru and G.A. Hagedorn},
title = {Convergence of a semiclassical wavepacket based time-splitting for the Schr\"{o}dinger equation}, 
journal = {Numer. Math.},
volume = {126},
date = {2013},
pages = {1--21},
}

@article{nufft6,
author = {L. Greengard and J-Y. Lee},
title = {Accelerating the nonuniform fast Fourier transform},
journal = {SIAM Rev.},
volume = {46},
date = {2004},
pages = {443--454},
}


@article{Hagedornraising,
author = {G.A. Hagedorn},
title = {Raising and lowering operators for semi-classical wave packets},
journal = {Ann. Phys.},
volume = {269},
date = {1998},
pages = {77--104},
}

@article{Ejheller,
author = {E.J. Heller},
title = {Time dependent approach to semiclassical dynamics},
journal = {J. Chem. Phys.},
volume = {62},
date = {1975},
pages = {1544--1555},
}

@article{JGB,
author = {S. Jiang and L. Greengard and W. Bao},
title = {Fast and accurate evaluation of nonlocal Coulomb and dipole-dipole interactions via the nonuniform FFT},
journal = {SIAM J. Sci. Comput.},
volume = {36},
date = {2014},
pages = {B777--B794},
}

@article{multi-phase,
author = {S. Jin and X. Li},
title = {Multi-phase computations of the semiclassical limit of the Schr\"{o}dinger equation and related problems: Whitham vs Wigner},
journal = {Phys. D: Nonlinear Phenom.},
volume = {182},
date = {2003},
pates = {46--85},
}

@article{reviewsemiclassical,
author = {S. Jin and P. A. Markowich and C. Sparber},
title = {Mathematical and computational methods for semiclassical Schr\"{o}dinger equations},
journal = {Acta Numer.},
volume = {20},
date = {2011},
pages = {121--209},
}

@article{level_set,
author = {S. Jin and S. Osher},
title = {A level set method for the computation of multi-valued solutions to quasi-linear hyperbolic PDE's and Hamilton-Jacobi equations},
journal = {Commun. Math. Sci.},
volume = {1},
date = {2003},
pages = {575--591},
}

@article{EGB,
author = {S. Jin and H. Wu and X. Yang},
title = {Gaussian beam methods for the Schr\"{o}dinger equation in the semi-classical regime: Lagrangian and Eulerian formulations},
journal = {Commun. Math. Sci.},
volume = {6},
date = {2008},
pages = {995--1020},
}

@article{HEGB,
author = {S. Jin and H. Wu and X. Yang},
title = {Semi-Eulerian and high order Gaussian beam methods for the Schr\"{o}dinger equation in the semiclassical regime},
journal = {Commun. Comput. Phys.},
volume = {9},
date = {2011},
pages = {668--687},
}

@article{SemiJZ,
author = {S. Jin and Z. Zhou},
title = {A semi-Lagrangian time splitting method for the Schr\"{o}dinger equation with vector potentials},
journal = {Communications in Information and Systems},
volume = {13},
date = {2013},
pages = {247--289},
}

@article{ErrorestiGB,
author = {H. Liu and O. Runborg and Tanushev},
title = {Error estimates for Gaussian beams},
journal = {Math. Comp.},
volume = {82},
date = {2013},
pages = {919--952},
}

@article{Popov,
author = {M. M. Popov},
title = {A new method of computation of wave fields using Gaussian beams},
journal = {Wave Motion},
volume = {4},
date = {1982},
pages = {85--97},
}

@article{FGBtrans,
author = {J. Qian and L. Ying},
title = {Fast Gaussian wave pack transforms and Gaussian beams for the Schr\"{o}dinger equation},
journal = {J. Comput. Phys.},
volume = {229},
date = {2010},
pages = {7848--7873},
}

@article{Gaussian_propagation,
author = {J. Ralston},
title = {Gaussian beams and thepropagation of singularities},
journal = {Studies in partial differential equations},
volume = {23},
date = {1982},
pages = {206--248},
}

@article{GBTrans,
author = {G. Russo and P. Smereka},
title = {The Gaussian wave packet transform: Efficient computation of the semi-classical limit of the Schr\"{o}dinger equation. Part 1-Formulation and the one dimensional case},
journal = {J. Comput. Phys.},
volume = {233},
date = {2013},
pages = {192--209},
}

@article{GBTrans2,
author = {G. Russo and P. Smereka},
title = {The Gaussian wave packet transform: Efficient computation of the semi-classical limit of the  Schr\"{o}dinger equation. Part 2. Multidimensional case},
journal = {J. Comput. Phys.},
volume = {257},
date = {2014},
pages = {1022--1038},
}

@book{ST,
author = {J. Shen and T. Tang},
title = {Spectral and High-Order Methods with Applications},
publisher = {Science Press},
address = {Beijing},
date = {2006},
}

@article{QO,
author = {M.O. Scully and M.S. Zubairy},
title = {Quantum optics},
publisher = {Cambridge University Press},
date = {1997},
}


@article{suli,
author = {E. S\"{u}li and A. Ware},
title = {A spectral method of characteristics for hyperbolic problems},
journal = {SIAM J. Appl. Math.},
volume = {28},
date = {1991},
pages = {423--445},
}

@article{HGBT,
author = {N.M. Tanushev},
title = {Superpositions and higher order Gaussian beams},
journal = {Commun. Math. Sci.},
volume = {6},
date = {2008},
pages = {449--475},
}

@article{interfaceGB,
author = {D. Yin and C. Zheng},
title = {Gaussian beam formulation and interface conditions for the one-dimensional linear Schr\"{o}dinger equation},
journal = {Wave Motion},
volume = {48},
date = {2011},
pages = {310--324},
}

@article{HagedornV,
author = {Z. Zhou},
title = {Numerical approximation of the Schr\"{o}dinger equation with the electromagnetic field by the Hagedorn wave packets},
journal = {J. Comput. Phys.},
volume = {272},
date = {2014},
pages = {386--40},
}


