@article {JL-91,
    AUTHOR = {Jin, Shi and Levermore, David},
     TITLE = {The discrete-ordinate method in diffusive regimes},
   JOURNAL = {Transport Theory Statist. Phys.},
  FJOURNAL = {Transport Theory and Statistical Physics},
    VOLUME = {20},
      YEAR = {1991},
    NUMBER = {5-6},
     PAGES = {413--439},
      ISSN = {0041-1450},
     CODEN = {TTSPB4},
   MRCLASS = {35A40 (65D30 65N99 82C70)},
  MRNUMBER = {1139994},
MRREVIEWER = {Marvin L. Adams},
       DOI = {10.1080/00411459108203913},
       URL = {http://dx.doi.org.ezproxy.library.wisc.edu/10.1080/00411459108203913},
}



@article{bardos1984diffusion,
  title={Diffusion approximation and computation of the critical size},
  author={Bardos, Claude and Santos, Rafael and Sentis, R{\'e}mi},
  journal={Transactions of the american mathematical society},
  volume={284},
  number={2},
  pages={617--649},
  year={1984}
}

@article {LM-08,
    AUTHOR = {Lemou, Mohammed and Mieussens, Luc},
     TITLE = {A new asymptotic preserving scheme based on micro-macro
              formulation for linear kinetic equations in the diffusion
              limit},
   JOURNAL = {SIAM J. Sci. Comput.},
  FJOURNAL = {SIAM Journal on Scientific Computing},
    VOLUME = {31},
      YEAR = {2008},
    NUMBER = {1},
     PAGES = {334--368},
      ISSN = {1064-8275},
   MRCLASS = {82C70 (35B25 35K57 41A60 65M06 82C80 82D75)},
  MRNUMBER = {2460781 (2010a:82065)},
MRREVIEWER = {Edward W. Larsen},
       DOI = {10.1137/07069479X},
       URL = {http://dx.doi.org.ezproxy.library.wisc.edu/10.1137/07069479X},
}


@article {LM-12,
    AUTHOR = {Lemou, Mohammed and M\'ehats, Florian},
     TITLE = {Micro-Macro Schemes for Kinetic Equations Including Boundary Layers},
   JOURNAL = {SIAM J. Sci. Comput.},
  FJOURNAL = {SIAM Journal on Scientific Computing},
    VOLUME = {34},
      YEAR = {2012},
    NUMBER = {6},
     PAGES = {734--760},
}

@article {BLM,
    AUTHOR = {Bennoune, Mounir and Lemou, Mohammed and Mieussens, Luc},
     TITLE = {Uniformly stable numerical schemes for the {B}oltzmann
              equation preserving the compressible {N}avier-{S}tokes
              asymptotics},
   JOURNAL = {J. Comput. Phys.},
  FJOURNAL = {Journal of Computational Physics},
    VOLUME = {227},
      YEAR = {2008},
    NUMBER = {8},
     PAGES = {3781--3803},
      ISSN = {0021-9991},
     CODEN = {JCTPAH},
   MRCLASS = {65M06 (76N99 76P05 82C80)},
  MRNUMBER = {2403867 (2009b:65197)},
MRREVIEWER = {Susana Serna},
       DOI = {10.1016/j.jcp.2007.11.032},
       URL = {http://dx.doi.org/10.1016/j.jcp.2007.11.032},
}

@article {LiuMie,
    AUTHOR = {Liu, Jian-Guo and Mieussens, Luc},
     TITLE = {Analysis of an asymptotic preserving scheme for linear kinetic
              equations in the diffusion limit},
   JOURNAL = {SIAM J. Numer. Anal.},
  FJOURNAL = {SIAM Journal on Numerical Analysis},
    VOLUME = {48},
      YEAR = {2010},
    NUMBER = {4},
     PAGES = {1474--1491},
      ISSN = {0036-1429},
     CODEN = {SJNAAM},
   MRCLASS = {65M06 (35B25 35F05 41A60 65M12 82C80)},
  MRNUMBER = {2684343 (2011m:65188)},
MRREVIEWER = {Doron Levy},
       DOI = {10.1137/090772770},
       URL = {http://dx.doi.org/10.1137/090772770},
}

@article {BSS,
    AUTHOR = {Bardos, C. and Santos, R. and Sentis, R.},
     TITLE = {Diffusion approximation and computation of the critical size},
   JOURNAL = {Trans. Amer. Math. Soc.},
  FJOURNAL = {Transactions of the American Mathematical Society},
    VOLUME = {284},
      YEAR = {1984},
    NUMBER = {2},
     PAGES = {617--649},
      ISSN = {0002-9947},
     CODEN = {TAMTAM},
   MRCLASS = {45K05 (45M05 82A70)},
  MRNUMBER = {743736 (86g:45027)},
MRREVIEWER = {Nina B. Maslova},
       DOI = {10.2307/1999099},
       URL = {http://dx.doi.org/10.2307/1999099},
}

@book {BLP,
    AUTHOR = {Bensoussan, Alain and Lions, Jacques-Louis and Papanicolaou,
              George},
     TITLE = {Asymptotic analysis for periodic structures},
    SERIES = {Studies in Mathematics and its Applications},
    VOLUME = {5},
 PUBLISHER = {North-Holland Publishing Co., Amsterdam-New York},
      YEAR = {1978},
     PAGES = {xxiv+700},
      ISBN = {0-444-85172-0},
   MRCLASS = {35-02 (35B40 49D50 60H99)},
  MRNUMBER = {503330 (82h:35001)},
MRREVIEWER = {Carlo Sbordone},
}

@article {LarKe,
    AUTHOR = {Larsen, Edward W. and Keller, Joseph B.},
     TITLE = {Asymptotic solution of neutron transport problems for small
              mean free paths},
   JOURNAL = {J. Mathematical Phys.},
  FJOURNAL = {Journal of Mathematical Physics},
    VOLUME = {15},
      YEAR = {1974},
     PAGES = {75--81},
      ISSN = {0022-2488},
   MRCLASS = {82.45},
  MRNUMBER = {0339741 (49 \#4498)},
MRREVIEWER = {J. P. Guiraud},
}

@article {LiuYu,
    AUTHOR = {Liu, Tai-Ping and Yu, Shih-Hsien},
     TITLE = {Boltzmann equation: micro-macro decompositions and positivity
              of shock profiles},
   JOURNAL = {Comm. Math. Phys.},
  FJOURNAL = {Communications in Mathematical Physics},
    VOLUME = {246},
      YEAR = {2004},
    NUMBER = {1},
     PAGES = {133--179},
      ISSN = {0010-3616},
     CODEN = {CMPHAY},
   MRCLASS = {82C40 (35Q30 76P05)},
  MRNUMBER = {2044894 (2005f:82101)},
MRREVIEWER = {Fumioki Asakura},
       DOI = {10.1007/s00220-003-1030-2},
       URL = {http://dx.doi.org/10.1007/s00220-003-1030-2},
}

	
@article{XiuKar,
  author = "D. Xiu and G.E. Karniadakis",
  title  = "The {Wiener-Askey} polynomial chaos for stochastic
            differential equations",
  journal= "SIAM J. Sci. Comput.",
  volume = 24,
  number = 2,
  pages  = "619--644",
  year   = 2002
}

@book{Xiu-book,
  author = "D. Xiu",
  title  = "Numerical methods for stochastic computations",
  publisher = "Princeton Univeristy Press",
  address = "Princeton, New Jersey",
  year  = 2010
}


@Book{GhaSpa,
  author =       "R.G. Ghanem and P. Spanos",
  title =        "Stochastic Finite Elements: a Spectral Approach",
  publisher =    "Springer-Verlag",
  year =         "1991"
}

@Article{Wie,
  author =       "N. Wiener",
  title =        "{The homogeneous chaos}", 
  journal =      "Amer. J. Math.",
  year =         "1938",
  volume =       "60",
  pages =        "897--936"
}

@article {GJL,
    AUTHOR = {Golse, Fran{\c{c}}ois and Jin, Shi and Levermore, C. David},
     TITLE = {The convergence of numerical transfer schemes in diffusive
              regimes. {I}. {D}iscrete-ordinate method},
   JOURNAL = {SIAM J. Numer. Anal.},
  FJOURNAL = {SIAM Journal on Numerical Analysis},
    VOLUME = {36},
      YEAR = {1999},
    NUMBER = {5},
     PAGES = {1333-1369},
      ISSN = {0036-1429},
   MRCLASS = {82C80 (65N30 82C70)},
  MRNUMBER = {1706766 (2000m:82057)},
MRREVIEWER = {B. Kellogg},
       DOI = {10.1137/S0036142997315986},
       URL = {http://dx.doi.org.ezproxy.library.wisc.edu/10.1137/S0036142997315986},
}

@article {Jin-AP,
    AUTHOR = {Jin, Shi},
     TITLE = {Efficient asymptotic-preserving ({AP}) schemes for some
              multiscale kinetic equations},
   JOURNAL = {SIAM J. Sci. Comput.},
  FJOURNAL = {SIAM Journal on Scientific Computing},
    VOLUME = {21},
      YEAR = {1999},
    NUMBER = {2},
     PAGES = {441--454},
      ISSN = {1064-8275},
   MRCLASS = {65M06 (76M20 76P05 82C40)},
  MRNUMBER = {1718639 (2000h:65115)},
       DOI = {10.1137/S1064827598334599},
       URL = {http://dx.doi.org.ezproxy.library.wisc.edu/10.1137/S1064827598334599},
}

@article{Jin-Rev,
  author={S. Jin},
  title={Asymptotic preserving (AP) schemes for multiscale kinetic and hyperbolic equations: a review},
  journal={Lecture Notes for Summer School on ``Methods and Models of Kinetic Theory'' (M\&MKT), Porto Ercole (Grosseto, Italy)},
  year={2010}
}

@article {JL,
    AUTHOR = {Jin, Shi and Levermore, C. David},
     TITLE = {Numerical schemes for hyperbolic conservation laws with stiff
              relaxation terms},
   JOURNAL = {J. Comput. Phys.},
  FJOURNAL = {Journal of Computational Physics},
    VOLUME = {126},
      YEAR = {1996},
    NUMBER = {2},
     PAGES = {449--467},
      ISSN = {0021-9991},
     CODEN = {JCTPAH},
   MRCLASS = {65M06 (65P05)},
  MRNUMBER = {1404381 (97g:65173)},
       DOI = {10.1006/jcph.1996.0149},
       URL = {http://dx.doi.org.ezproxy.library.wisc.edu/10.1006/jcph.1996.0149},
}

@article{JPT1,
  title={Diffusive relaxation schemes for multiscale discrete-velocity kinetic equations},
  author={S. Jin and L. Pareschi and G. Toscani},
  journal={SIAM J. Numer. Anal.},
  volume={35},
  number={6},
  pages={2405--2439},
  year={1998},
  publisher={SIAM}
}

@article{JPT2,
  title={Uniformly accurate diffusive relaxation schemes for multiscale transport equations},
  author={S. Jin and L. Pareschi and G. Toscani},
  journal={SIAM J. Numer. Anal.},
  volume={38},
  number={3},
  pages={913--936},
  year={2000},
  publisher={SIAM}
}

@article {KlarSch,
    AUTHOR = {Klar, A. and Schmeiser, C.},
     TITLE = {Numerical passage from radiative heat transfer to nonlinear
              diffusion models},
   JOURNAL = {Math. Models Methods Appl. Sci.},
  FJOURNAL = {Mathematical Models and Methods in Applied Sciences},
    VOLUME = {11},
      YEAR = {2001},
    NUMBER = {5},
     PAGES = {749--767},
      ISSN = {0218-2025},
   MRCLASS = {82C70 (45K05 80A20)},
  MRNUMBER = {1842224 (2002e:82061)},
       DOI = {10.1142/S0218202501001082},
       URL = {http://dx.doi.org/10.1142/S0218202501001082},
}


@article {Klar,
    AUTHOR = {Klar, Axel},
     TITLE = {An asymptotic-induced scheme for nonstationary transport
              equations in the diffusive limit},
   JOURNAL = {SIAM J. Numer. Anal.},
  FJOURNAL = {SIAM Journal on Numerical Analysis},
    VOLUME = {35},
      YEAR = {1998},
    NUMBER = {3},
     PAGES = {1073--1094 (electronic)},
      ISSN = {0036-1429},
   MRCLASS = {82C70 (65M12 82-08)},
  MRNUMBER = {1619859 (99d:82063)},
MRREVIEWER = {Edward W. Larsen},
       DOI = {10.1137/S0036142996305558},
       URL = {http://dx.doi.org.ezproxy.library.wisc.edu/10.1137/S0036142996305558},
}

@article {LarMor,
    AUTHOR = {Larsen, Edward W. and Morel, J. E.},
     TITLE = {Asymptotic solutions of numerical transport problems in
              optically thick, diffusive regimes. {II}},
   JOURNAL = {J. Comput. Phys.},
  FJOURNAL = {Journal of Computational Physics},
    VOLUME = {83},
      YEAR = {1989},
    NUMBER = {1},
     PAGES = {212--236},
      ISSN = {0021-9991},
     CODEN = {JCTPAH},
   MRCLASS = {82-08 (65L10 65P05 82A25 82A70)},
  MRNUMBER = {1010164 (90h:82001)},
MRREVIEWER = {Marvin L. Adams},
}

@article {LMM1,
    AUTHOR = {Larsen, Edward W. and Morel, J. E. and Miller, Jr., Warren F.},
     TITLE = {Asymptotic solutions of numerical transport problems in
              optically thick, diffusive regimes},
   JOURNAL = {J. Comput. Phys.},
  FJOURNAL = {Journal of Computational Physics},
    VOLUME = {69},
      YEAR = {1987},
    NUMBER = {2},
     PAGES = {283--324},
      ISSN = {0021-9991},
     CODEN = {JCTPAH},
   MRCLASS = {65L10 (82A70 85A25)},
  MRNUMBER = {888058 (89b:65191)},
MRREVIEWER = {Marvin L. Adams},
}

@article {GT2003,
  AUTHOR = {Gosse, Laurent and Toscani, Giuseppe},
    TITLE = {Space localization and well-balanced schemes for discrete
             kinetic models in diffusive regimes},
  JOURNAL = {SIAM J. Numer. Anal.},
   VOLUME = {41},
     YEAR = {2003},
   NUMBER = {2},
    PAGES = {641--658},

}


@inproceedings {FPW,
        author="Erin D. Fichtl and Anil K. Prinja and James S. Warsa",
        title="Stochastic methods for uncertainty quantification in radiation transport",
        booktitle="International Conference on Mathematics, Computational Methods \& Reactor Physics (M\&C 2009), Saratoga Springs, New York, May 3-7, 2009", 
        year="2009"    
} 

@article {JXZ,
    AUTHOR = {Jin, Shi and Xiu, Dongbin and Zhu, Xueyu},
     TITLE = {Asymptotic-preserving methods for hyperbolic and transport
              equations with random inputs and diffusive scalings},
   JOURNAL = {J. Comput. Phys.},
  FJOURNAL = {Journal of Computational Physics},
    VOLUME = {289},
      YEAR = {2015},
     PAGES = {35--52},
      ISSN = {0021-9991},
   MRCLASS = {65M75},
  MRNUMBER = {3322819},
       DOI = {10.1016/j.jcp.2015.02.023},
       URL = {http://dx.doi.org/10.1016/j.jcp.2015.02.023},
}

@article {JinLiuL,
    title={An Asymptotic-Preserving Stochastic Galerkin Method for the Semiconductor Boltzmann Equation with Random Inputs and Diffusive Scalings},
    author={Jin, Shi and Liu, Liu},
    journal={SIAM Multiscale Modeling and Simulation},
    volume={15},
    number={},
    pages={157--183},
    year={2017}
}

@book{loeve2012probability,
  title={Probability Theory I},
  author={Loeve, M.},
  isbn={9781468494648},
  series={Graduate Texts in Mathematics},
  year={2012},
  publisher={Springer New York}
}

@article{JinHu,
  title={A stochastic Galerkin method for the Boltzmann equation with uncertainty},
  author={Hu, Jingwei and Jin, Shi},
  journal={J. Comp. Phys.},
  volume={315},
  pages={150--168},
  year={2016},
  
}

@article{JinLu,
  title={An Asymptotic-Preserving Stochastic Galerkin Method for the Radiative Heat Transfer Equations with Random Inputs and Diffusive Scalings},
  author={Jin, Shi and Lu, Hanqing},
  journal={J. Comp. Phys.},
  volume={334},
  pages={182--206},
  year={2017}, 
}

@article {JinTangHan,
    title={On a uniformly second order numerical method for the one-dimensional discrete-ordinate transport equation and its diffusion limit with interface},
    author={Jin, Shi and Tang, Min and Han, Houde},
    journal={Networks and Heterogeneous Media},
    volume = {4},
    pages={35--65},
    year={2009}
}

@article{JLW,
  title={The uniform convergence of generalized polynomial chaos based methods for multiscale transport equation with random scattering},
  author={Shi Jin and Qin Li and Li Wang},
  journal={preprint},
  date = {},
}

